2106 3554
141 169 220 210 592
561 165 914 219 aposseigescfflctte.
962 162 1029 215 20,
1066 146 1247 205 35—36.
1287 162 1407 204 anm.
1446 159 1630 205 43-44,

141 300 389 349 autgegeidmet
407 301 519 338 marb.
570 299 718 344 §.panius
747 297 994 343 muste‘biescs
1021 296 1212 335 {Bonane
1239 296 1298 332 ber
1324 293 1565 341 wittbessnnq
1590 303 1662 332 von
1687 293 1795 334 &tte
1814 295 1901 335 bu»

140 350 262 394 Dieser
281 348 478 395 autumet>
497 348 536 393 ist
550 347 729 393 mubrbaft
753 348 880 394 golben
908 356 947 393 gu
966 355 1104 384 nemun
1130 348 1202 382 unt
1228 344 1288 382 ale
1315 343 1371 382 ein
1391 342 1606 390 (sarcinatis
1619 344 1678 382 ber
1702 342 1914 390 christliche!

140 401 210 436 unt*
231 398 396 443 *pastoral
415 407 455 442 ,ἦα
474 396 679 442 Βεῐταώῐεη,
730 394 848 440 ‘Dutch
868 394 1097 440 (ξηιῃῗαηςεη
1117 393 1204 431 mirb
1224 402 1311 430 mun
1329 391 1473 437 stnecbt,
1493 391 1596 437 hurd>
1619 392 1741 431 &eben
1759 390 1866 437 ficet.
1916 391 2064 441 ffiajittet

140 448 235 493 suut:
261 444 484 484 Liberalitas
512 451 551 483 et
577 443 788 491 benignitas
813 443 921 482 dotes
947 442 1087 481 divinae
1113 447 1214 487 sunt,
1235 439 1408 488 nihilque
1433 440 1554 496 magis
1570 439 1655 480 Deo
1680 439 1842 480 similem
1866 435 2062 491 homiaem

139 494 260 540 efficit,
281 507 395 542 quain
414 493 608 540 utriusque
626 492 740 537 hujus
757 491 908 530 virtutis
925 490 1153 529 exercitatio.
1210 489 1303 535 Qud)
1325 489 1378 527 bie
1397 489 1535 535 {Seium
1554 495 1660 527 unter
1676 493 1741 528 ben
1759 488 1896 534 «beibal
1912 490 2063 536 ethan*

139 548 195 582 ten
224 543 276 581 bie
306 541 615 587 {Bubrbeitbiefcs
646 540 884 587 &ussurucbes
916 539 1058 585 (xhristi.
1111 539 1253 577 &enecet
1280 551 1339 586 ep.
1363 541 1419 577 81.
1456 538 1555 586 fagtz
1582 536 1738 578 Gaudet
1763 536 1916 587 sapiens
1938 538 2065 587 magis

137 592 236 639 dato,
257 604 369 639 quam
389 589 484 629 alius
499 595 661 638 accepto.
676 589 816 637 -ll-’U
845 588 890 628 cf.
908 591 941 636 7,
963 593 1031 636 593
1061 592 1095 635 9,
1113 590 1179 635 40;
1209 591 1268 636 21,
1297 591 1328 626 5.
1889 622 1897 630 .
2096 607 2102 612 ⁸

878 821 1055 891 Caput
1115 820 1271 873 XXI.

195 961 233 1005 1.
268 959 386 1005 Cum
407 963 565 1005 autem
583 958 761 1003 factum
781 962 895 1003 esset
916 962 970 1003 ut
992 958 1330 1017 navigaremus
1347 957 1568 1003 abstracti
1593 957 1654 1002 ab
1677 957 1756 1014 eis,
1777 961 1903 1003 recto
1920 966 2062 1003 cursu

134 1021 352 1067 venimus
390 1018 573 1075 Coum‚¹
608 1024 653 1064 et
686 1019 901 1078 sequenti
940 1019 1017 1064 die
1053 1018 1322 1074 Rliodum‚²
1353 1023 1398 1064 et
1432 1019 1546 1064 inde
1584 1017 1849 1064 Pataram.³
1910 1018 1952 1063 2.
2002 1018 2063 1063 Et

135 1097 241 1127 cum
286 1081 632 1126 invenissemus
675 1095 845 1125 navem
890 1081 1275 1125 transfretantem
1319 1080 1370 1124 in
1421 1079 1707 1135 Phoenicen,
1758 1077 2063 1125 ascendentes

134 1142 482 1201 navigavimus.
547 1142 585 1185 3.
619 1141 740 1185 Cum
778 1141 1162 1200 apparuissemus
1184 1146 1345 1186 autem
1381 1140 1551 1200 Cypro,
1589 1140 1917 1200 relinquentes
1954 1154 2081 1185 eam=

135 1203 194 1248 ad
212 1203 467 1257 sinistram,
489 1202 827 1260 navigavimus
850 1202 899 1246 in
916 1201 1119 1261 Syriam,
1141 1206 1187 1246 et
1208 1202 1430 1247 venimus
1441 1201 1646 1260 Tyrum:
1680 1201 1747 1246 ibi
1771 1201 1902 1246 enim
1923 1200 2064 1246 navis

135 1264 405 1323 expositura
428 1267 526 1307 erat
547 1278 678 1307 onus.
732 1263 771 1307 4.
806 1262 1023 1307 Inventis
1045 1268 1205 1307 autem
1230 1262 1490 1322 discipulis,
1513 1261 1781 1307 mansimus
1802 1261 1870 1307 ibi
1894 1260 2064 1307 diebus

135 1330 332 1383 septem:
366 1323 449 1382 qui
484 1323 632 1368 Paulo
665 1323 888 1368 dicebant
909 1339 991 1381 per
1013 1322 1247 1382 Spiritum
1282 1339 1341 1368 ne
1373 1322 1668 1368 ascenderet⁴
1699 1321 2061 1382 Jerosolymam.

137 1386 176 1429 5.
211 1385 271 1429 Et
307 1384 505 1443 expletis
539 1384 706 1428 diebus
743 1384 936 1443 profecti
959 1384 1162 1439 ibamus,
1201 1384 1547 1429 deducentibus
1583 1399 1670 1429 nos
1706 1382 1932 1429 omnibus
1953 1397 2063 1428 cum

135 1444 379 1500 uxoribus,
416 1450 460 1490 et
498 1444 608 1489 filiis
646 1460 795 1504 usque
817 1446 939 1490 foras
962 1445 1226 1490 civitatem:
1260 1450 1306 1490 et
1342 1445 1506 1504 positis
1540 1444 1744 1504 genibus
1780 1443 1831 1489 in
1870 1442 2066 1494 littore.⁵

137 1506 389 1551 oravimus,
453 1507 493 1550 6.
527 1506 586 1550 Et
623 1520 731 1550 cuni
768 1505 1145 1552 valefecissemus
1177 1506 1399 1560 invicem,
1436 1505 1739 1551 ascendimus
1761 1519 1957 1551 navem:
1988 1503 2063 1549 illi

137 1572 295 1612 autem
319 1566 562 1611 redierunt
584 1566 634 1610 in
657 1582 753 1611 sua.
819 1568 856 1612 7.
894 1567 987 1611 Nos
1012 1582 1121 1612 vero
1145 1567 1452 1625 navigatione
1475 1565 1664 1626 expleta
1686 1581 1714 1611 a
1729 1565 1856 1625 Tyro
1877 1564 2065 1611 descen—

137 1627 296 1671 dimus
314 1625 708 1672 Ptolemaidam:⁶
740 1631 784 1672 et
806 1627 1023 1672 salutatis
1040 1628 1278 1682 fratribus,
1301 1627 1569 1672 mansimus
1586 1627 1664 1672 die
1680 1641 1780 1672 una
1796 1625 1926 1686 apud
1943 1625 2064 1671 illos.
2104 1639 2106 1642 ⁴

138 1690 177 1732 8.
212 1687 320 1732 Alia
344 1693 502 1732 autem
527 1688 601 1732 die
624 1688 831 1747 profecti,
870 1692 1092 1733 venimus
1131 1687 1445 1734 Caesaream.⁷
1508 1688 1569 1733 Et
1603 1689 1837 1733 intrantes
1863 1686 2064 1735 domum
2100 1689 2106 1751 J

138 1748 351 1807 Philippi
386 1748 740 1807 evangelistae,³
793 1749 877 1808 qui
900 1754 1000 1794 erat
1023 1764 1148 1794 unus
1181 1749 1237 1794 de
1270 1754 1463 1809 septem,
1496 1749 1765 1794 mansimus
1785 1747 1917 1808 apud
1939 1761 2064 1794 eum.
2103 1772 2106 1779 ·

139 1810 178 1853 9.
213 1808 342 1854 Huic
370 1814 529 1854 autem
551 1814 686 1854 erant
708 1816 914 1869 quatuor
935 1810 1062 1855 filiae
1084 1810 1295 1868 virgines
1318 1808 1692 1870 prophetantes.⁹
1755 1810 1824 1855 10.
1857 1808 1921 1854 Et
1950 1822 2062 1854 eum
2099 1781 2106 1867 ³³.

138 1866 433 1914 moraremur
467 1885 549 1929 per
591 1870 689 1915 dies
731 1870 927 1930 aliquot,
970 1871 1246 1930 supervenit
1280 1871 1482 1931 quidam
1525 1886 1553 1915 a
1595 1869 1781 1916 Judaea.
1816 1883 1903 1927 pro
1939 1868 2066 1924 heta,
2100 1874 2106 1955 i

138 1930 332 1975 nomine
355 1929 601 1989 Agabus.¹⁰
664 1933 733 1976 11.
768 1931 814 1976 Is
848 1947 956 1976 cum
991 1932 1196 1977 venisset
1229 1931 1288 1977 ad
1326 1947 1423 1987 nos,
1461 1931 1574 1976 tulit
1597 1945 1766 1976 zonam
1790 1930 1891 1976 Pau
1913 1928 1990 1976 i:.¹¹
2022 1934 2068 1976 et
2100 1958 2106 1978 ι

138 1990 342 2050 alligans
364 1991 453 2035 sibi
476 1991 629 2050 pedes,
661 1997 706 2036 et
728 2007 902 2037 manus
925 1992 1069 2038 dixit:
1104 1992 1237 2038 Haec
1260 1992 1376 2038 dicit
1397 1992 1606 2052 Spiritus
1629 1996 1841 2037 sanctus:
1875 1990 2066 2046 Virum,
2096 1990 2106 2044 ἶ

140 2052 273 2110 cujus
307 2057 373 2096 est
408 2067 524 2096 zona
559 2052 687 2105 haec,
722 2053 788 2098 sic
822 2053 1094 2112 alligabunt
1128 2054 1179 2098 in
1216 2053 1480 2099 Jerusalem
1503 2053 1690 2108 Judaei,
1724 2057 1770 2098 et
1802 2050 1994 2098 tradent
2014 2051 2067 2102 in
2095 2045 2106 2109 ἔ

139 2127 312 2156 manus
334 2111 573 2158 Gentium.
638 2114 706 2157 12.
751 2114 886 2168 Quod
924 2129 1034 2158 cum
1068 2114 1378 2169 audissemus,
1414 2113 1699 2171 rogabamus
1732 2111 1872 2167 noe,¹²
1901 2117 1948 2158 et
1980 2111 2066 2172 qui
2101 2131 2106 2134 ·

139 2171 227 2216 loci
253 2172 382 2217 illius
404 2178 549 2227 erant,
568 2189 627 2218 ne
649 2174 919 2220 ascenderet
940 2175 967 2220 J
972 2175 1300 2233 erosolymam.
1350 2175 1419 2219 13.
1452 2175 1589 2219 Tunc
1612 2173 1856 2231 respondit
1873 2172 2067 2228 Paulus,
2100 2191 2106 2217 ι

142 2236 186 2276 et
201 2232 350 2277 dixit:
385 2234 511 2287 Quid
547 2234 698 2279 facitis
733 2235 909 2290 flentes,
947 2242 992 2281 et
1029 2235 1290 2295 affligentes
1328 2250 1406 2280 cor
1443 2235 1636 2280 meum?
1669 2234 1770 2294 Ego
1806 2234 1939 2280 enim
1968 2248 2065 2280 non
2102 2242 2106 2258 ’-

143 2292 295 2338 solum
319 2293 520 2352 alligari,
557 2294 635 2340 sed
675 2300 720 2340 et
756 2297 876 2340 mori
916 2297 964 2340 in
1003 2296 1267 2342 Jerusalem
1307 2301 1502 2355 paratus
1539 2310 1645 2341 sum
1675 2299 1866 2355 propter
1889 2309 2066 2340 nomen
2100 2310 2106 2323 τ

146 2352 339 2397 Domini
357 2354 384 2398 J
389 2370 480 2399 esu.
531 2357 597 2400 14.
632 2356 692 2400 Et
714 2371 820 2400 cum
846 2357 887 2401 ei
911 2358 1107 2402 suadere
1130 2373 1227 2402 non
1251 2372 1505 2416 possemuS,
1528 2356 1814 2415 quievimus,
1837 2355 2066 2401 dicentes:
2099 2350 2106 2394 ἶ

145 2413 340 2458 Domini
379 2415 598 2460 voluntas
644 2417 737 2461 fiat.
803 2418 870 2462 15.
906 2418 1014 2462 l'ost
1049 2418 1148 2463 dies
1182 2422 1343 2463 autem
1378 2417 1489 2463 istos
1523 2416 1806 2476 praeparati,
1845 2415 2063 2462 ascende·
2094 2398 2106 2461 ’Ξ

143 2473 313 2519 bamus
324 2473 352 2498 ¹³
383 2475 433 2519 in
468 2475 742 2522 Jerusalem.
807 2479 875 2523 16.
909 2477 1160 2524 Venerunt
1181 2483 1341 2523 autem
1364 2483 1409 2523 et
1443 2492 1502 2523 ex
1525 2477 1772 2538 discipulis
1792 2492 1821 2523 a
1842 2477 2068 2522 Caesarea
2094 2462 2106 2519 i

144 2533 405 2590 nobiscum,
457 2536 741 2582 adducentes
781 2554 940 2583 secum
983 2539 1111 2598 apud
1155 2554 1298 2598 quem
1352 2539 1703 2598 hospitaremur
1745 2520 2106 2583 Mnasouemui

145 2595 386 2700 guendam
430 2596 671 2655 Cyprium,
725 2600 979 2658 antiquum
1024 2600 1328 2659 discipulum.
1394 2602 1462 2646 17.
1517 2598 1578 2644 Et
1619 2613 1728 2644 cum
1773 2598 2066 2644 venissemus

178 2655 503 2714 erosolymam,
540 2657 741 2703 libenter
766 2666 1052 2718 exceperunt
1090 2676 1174 2705 nos
1211 2661 1388 2706 fratres
1454 2661 1521 2704 18.
1555 2659 1780 2719 Sequenti
1804 2663 1964 2704 autem
1987 2658 2068 2743 dig

145 2715 373 2760 introibat
392 2716 567 2762 Paulus
585 2718 829 2764 nobiscum
853 2721 913 2765 ad
936 2721 963 2765 J
968 2721 1183 2777 acobum,
1206 2735 1465 2780 omnesque
1482 2720 1663 2766 collecti
1681 2725 1794 2765 sunt
1809 2719 2026 2766 seniores

137 2777 216 2829 :19-
251 2776 378 2844 Quos
413 2792 520 2821 cum
558 2778 813 2834 salutasset,
858 2782 1082 2826 narrabat
1118 2797 1201 2841 per
1237 2781 1441 2839 singula,
1477 2796 1599 2840 quae
1635 2781 1762 2827 Deus
1794 2780 1976 2826 fecisset
2011 2780 2065 2826 in

135 2835 378 2881 Gentibus
400 2852 481 2895 per
503 2837 820 2884 ministerium
843 2842 1002 2899 ipsius.
1068 2844 1136 2887 20.
1170 2842 1235 2887 At
1266 2841 1340 2887 illi
1364 2857 1474 2887 cum
1497 2841 1755 2896 audissent,
1786 2855 1836 2885 m
1902 2840 2064 2886 nifica-

135 2895 262 2965 'bant
279 2896 488 2965 Deum‚¹⁶
519 2898 837 2959 dixeruntque
859 2902 920 2946 ei:
955 2903 1102 2947 Vides
1119 2903 1274 2958 frater,
1331 2901 1625 2947 uotmillia¹⁷
1657 2901 1837 2946 suntin
1887 2900 2086 2957 udaeis,

138 2972 232 3015 ,qui
257 2957 571 3013 credlderunt,
594 2964 638 3002 et
660 2974 822 3005 omnes
844 2963 1155 3008 aemulatores
1178 2968 1290 3008 sunt
1331 2964 1440 3022 egis.
1505 2963 1575 3008 21.
1608 2961 1883 3007 Audierunt
1903 2965 2066 3008 autem

143 3017 201 3062 de
223 3022 280 3072 te,
304 3018 419 3076 quia
440 3018 769 3086 discessionem
793 3021 956 3067 doceas
969 3022 996 3046 ¹⁸
1027 3040 1054 3068 a
1089 3023 1250 3082 Moyse
1285 3039 1464 3076 eorum,
1488 3024 1571 3083 qui
1608 3038 1690 3081 per
1727 3022 1902 3068 Gentes
1938 3025 2064 3077 sunt,

142 3077 170 3122 J
176 3077 455 3123 udaeorum:
490 3079 650 3123 dlcens
672 3095 767 3124 non
791 3081 957 3128 debere
979 3099 1055 3128 eos
1077 3084 1415 3129 circumcidere
1437 3084 1558 3129 filios
1580 3098 1702 3138 suos,
1724 3096 1880 3142 neque
1900 3096 2064 3128 secun·

143 3137 260 3183 dum
284 3139 676 3183 consuetudinem
699 3140 897 3198 ingredi.
962 3145 1029 3188 22.
1064 3145 1192 3198 Quid
1229 3159 1338 3204 ergo
1376 3145 1473 3190 est?
1505 3144 1673 3204 utique
1695 3158 1722 3189 o
1757 3147 1876 3189 ortet
1897 3156 2064 3191 conve·

140 3197 285 3245 nire¹⁹
315 3198 697 3244 multitudinem:
731 3201 928 3247 audient
961 3204 1089 3248 enim
1124 3210 1169 3250 te
1202 3205 1540 3264 supervenisse.
1604 3205 1675 3250 23.
1772 3219 1826 3250 oc
1842 3217 1952 3262 ergo
1989 3202 2064 3264 fac

140 3259 268 3318 quod
290 3258 379 3304 tibi
401 3259 624 3304 dicimus:
658 3259 781 3305 Sunt
809 3262 944 3306 nobis
981 3265 1072 3309 viri
1111 3265 1369 3324 quatuor,²⁰
1399 3270 1567 3311 votum
1590 3264 1818 3311 habentes
1838 3278 1893 3309 su
1930 3278 1981 3311 01·
2001 3277 2071 3311 se..

140 3320 210 3364 24.
260 3319 351 3364 His
387 3318 692 3379 assumptis,²¹
739 3323 978 3367 sanctifica
1015 3329 1059 3369 te
1097 3340 1205 3370 cum
1245 3325 1403 3371 illisz²²
1441 3330 1486 3371 et
1522 3324 1748 3384 impende
1785 3324 1888 3370 ini
1913 3323 1971 3369 lis
2087 3336 2091 3337 ⁷

138 3378 349 3426 radant²³
381 3380 555 3440 capita:
589 3385 633 3426 et
666 3380 813 3426 scient
834 3396 996 3429 omnes
1019 3385 1133 3444 quia
1155 3400 1277 3446 quae
1315 3386 1372 3433 de
1405 3390 1451 3432 te
1488 3385 1760 3442 audierunt,
1796 3383 1915 3432 falsa
1935 3382 2085 3447 sunu}
