2106 3554
130 190 214 233 394

131 325 289 379 Quare
310 337 419 380 ergo
442 335 537 365 non
562 317 825 364 credidistis
847 315 956 362 illi?
1018 316 1059 361 6.
1092 314 1141 360 Si
1161 317 1323 360 autem
1346 313 1635 360 dixerimus:
1667 313 1743 369 Ex
1765 312 2064 374 hominibuz',

150 383 262 429 ›lebs
285 383 508 427 universa
530 379 765 439 lapidabit
786 393 895 423 nos:
929 377 1043 422 certi
1074 380 1187 421 sunt
1217 375 1362 431 enim,
1384 375 1414 420 J
1416 389 1623 420 oannem
1645 375 1930 434 prophetam
1953 383 2064 424 esse.

163 480 172 490 .
206 444 267 488 Et
287 442 631 501 responderunt
663 455 710 484 se
733 439 911 483 nescire
946 437 1075 482 unde
1097 441 1226 482 esset.
1291 437 1331 482 8.
1365 435 1426 480 Et
1448 435 1586 481 Jesus
1619 435 1688 480 ait
1722 435 1847 481 illis:
1897 435 2064 497 Neque
2084 459 2106 502 3!

129 521 158 550 e
188 519 216 549 o
236 504 342 548 dico
378 502 511 547 vobis
544 502 594 545 in
628 515 724 559 qua
756 503 982 558 potestate
1012 497 1128 542 haec
1165 497 1298 542 facie.
1361 498 1401 541 9.
1437 496 1602 555 Coepit
1627 501 1791 542 autem
1813 496 1970 542 dicere
2001 497 2085 544 ad*

129 581 162 625 p
182 564 317 610 ebem
335 562 610 622 parabolam
631 561 778 605 hanc:
814 560 974 604 Homo
996 558 1237 617 plantavit
1252 557 1460 612 vineam,
1475 562 1521 602 et
1543 556 1718 603 locavit
1740 572 1845 617 eam
1863 557 2065 605 colonis:

129 631 176 671 et
206 626 304 684 ipse
326 638 518 683 peregre
539 622 631 666 fuit
653 621 818 666 multis
840 619 1148 678 temporibus.
1215 619 1283 663 10.
1319 618 1380 662 Et
1411 618 1464 663 in
1487 622 1700 678 tempore
1722 618 1856 664 misit
1883 617 1946 664 ad
1967 618 2066 664 cul·
2094 627 2106 675 ἦ

128 691 250 731 tores
280 699 485 739 servum,
508 688 562 727 ut
583 683 640 726 (16
673 683 828 726 fructu
860 680 1028 725 vineae
1061 680 1232 725 darent
1270 679 1356 723 illi.
1421 678 1517 733 Qui
1555 694 1743 724 caesum
1777 678 2068 726 dimiserunt

129 761 240 792 eum
263 746 470 790 inanem.
535 745 603 788 11.
638 743 699 787 Et
719 741 908 787 addidit
929 741 1135 786 alterum
1158 755 1351 786 servum
1375 740 1577 785 mittere.
1642 739 1724 784 Illi
1747 745 1910 785 autem
1931 739 2066 787 hune

128 821 319 866 quoque
341 805 598 858 caedentes,
620 809 666 848 et
687 803 945 848 afficientes
976 801 1282 856 contumelia,
1305 801 1595 846 dimiserunt
1627 801 1835 846 inanem.
1901 801 1971 847 12.
2005 801 2069 848 Et

128 867 317 912 addidit
346 866 540 911 tertium
564 866 777 909 mittere:
811 864 895 923 qui
929 868 975 908 ct
1007 863 1149 907 illum
1172 862 1483 907 vulnerantes
1503 861 1756 920 ejecerunt.
1822 862 1892 907 13.
1927 861 2068 908 Dixit

128 933 291 973 autem
312 927 537 972 dominus
561 926 747 970 vineae:
802 924 930 978 Quid
954 924 1127 968 faciam
1141 925 1162 967 ἶ)
1211 923 1402 967 mittam
1438 922 1597 967 filium
1621 937 1784 968 meum
1807 922 2036 968 dilectum
2054 939 2090 980 z„

128 988 339 1042 forsitan,
360 1003 470 1032 cum
495 987 626 1031 hunc
640 986 862 1040 viderint,
886 984 1192 1031 verebuntur.
1243 984 1311 1028 14.
1335 984 1491 1038 Quem
1515 999 1625 1028 cum
1642 984 1875 1029 vidissent
1896 983 2067 1040 coloni,

129 1049 459 1108 cogitaverunt
481 1048 607 1092 intra
628 1046 706 1101 se,³
726 1047 960 1091 dicentes:
996 1046 1090 1090 Hic
1107 1050 1176 1090 est
1198 1045 1346 1099 heres,
1363 1045 1638 1089 occidamus
1660 1044 1816 1100 illum,
1831 1050 1886 1090 ut
1906 1050 2070 1091 nostra
2102 1076 2106 1084 ·

128 1111 213 1154 fiat
241 1109 488 1154 hereditas.
554 1110 622 1153 15.
664 1108 725 1152 Et
758 1108 959 1165 ejectum
997 1106 1138 1151 illum
1173 1111 1308 1151 extra
1339 1106 1547 1161 vineam,
1581 1106 1872 1151 oeciderunt.
1935 1105 2067 1161 Quid
2100 1093 2106 1167 1

128 1185 238 1229 6180
270 1170 408 1215 faciet
440 1169 534 1214 illis
557 1169 782 1213 dominus
806 1169 1003 1214 vincae?
1029 1199 1033 1202 -
1068 1169 1136 1212 16.
1172 1167 1343 1221 veniet,
1365 1172 1412 1212 et
1448 1167 1614 1227 perdet
1647 1166 1838 1212 colonos
1860 1167 1987 1223 istos),
2017 1172 2066 1214 et
2102 1174 2106 1227 ,ζ

128 1231 265 1277 dabit
287 1231 478 1276 vineam
512 1229 632 1274 aliis.
695 1231 802 1284 Quo
831 1229 1011 1284 audito,
1047 1229 1279 1273 dixerunt
1311 1227 1409 1272 illi:
1451 1227 1604 1273 Absit.
1669 1229 1738 1274 17.
1781 1227 1871 1274 Ille
1904 1233 2068 1274 autem
2102 1231 2106 1242 ¹

128 1292 361 1351 aspiciens
382 1307 458 1336 eos
480 1291 574 1335 ait:
609 1291 737 1344 Quid
761 1295 829 1335 est
850 1306 960 1348 crgo
985 1290 1086 1344 hoc,
1110 1289 1238 1348 quod
1262 1289 1495 1348 scriptum
1518 1293 1614 1334 oet:
1649 1288 1898 1348 Lapidem,
1919 1303 2066 1349 quem
2101 1317 2106 1323 ·

130 1352 504 1412 reprobaverunt
529 1352 846 1406 aedificantes,
871 1351 949 1395 hic
972 1351 1122 1396 factus
1151 1355 1222 1394 cst
1254 1350 1305 1394 in
1336 1353 1481 1408 caput
1509 1349 1715 1407 anguli?
1778 1351 1848 1396 18.
1882 1350 2068 1404 Omnis,
2099 1366 2106 1416 ᾳ.

128 1414 214 1472 qui
247 1413 467 1458 ceciderit
501 1428 642 1471 super
666 1412 806 1457 illum
842 1412 1067 1471 lapidem,
1102 1411 1524 1470 conquassabitur:
1557 1426 1700 1470 super
1721 1426 1866 1471 quem
1904 1416 2067 1457 autem

127 1474 361 1528 ceciderit,
383 1473 678 1518 comminuet
700 1473 855 1518 illum.
919 1474 987 1518 19.
1023 1473 1083 1517 Et
1105 1472 1401 1531 quaerebant
1423 1472 1662 1531 principes
1684 1471 2000 1528 sacerdotum,
2022 1478 2070 1518 et
2104 1519 2106 1521 ,

129 1534 320 1580 Scribae
342 1535 529 1580 mittere
551 1535 600 1578 in
627 1534 767 1578 illum
787 1549 959 1578 manus
978 1533 1062 1578 illa
1082 1534 1218 1578 hora:
1253 1539 1298 1578 et
1316 1533 1586 1578 timuerunt
1607 1533 1864 1593 populum:
1898 1548 2068 1593 cogno·
2102 1553 2106 1599 ᾗ

129 1600 304 1641 verunt
333 1596 464 1640 enim
496 1595 622 1654 quod
653 1596 712 1640 ad
748 1596 870 1654 ipsos
905 1595 1083 1639 dixerit
1113 1594 1489 1639 similitudinem
1514 1594 1651 1639 hane.
1717 1595 1787 1639 20.
1822 1594 1884 1639 Et
1913 1593 2067 1640 obser·
2104 1605 2106 1630 ἲ

130 1661 297 1702 vantes
319 1656 575 1701 1111561111114
598 1656 911 1710 insidiatores,
934 1657 1018 1715 qui
1051 1672 1099 1701 se
1126 1657 1279 1714 justos
1300 1655 1600 1710 simularent,
1623 1659 1679 1700 ut
1699 1659 1924 1714 caperent
1955 1670 2068 1701 eum
2101 1667 2106 1715 ,j

130 1718 182 1762 111
205 1732 432 1771 5611110116,
457 1723 509 1762 ut
530 1717 770 1762 traderent
793 1717 934 1761 illum
957 1717 1266 1776 principatui,
1289 1722 1335 1761 ct
1357 1716 1574 1775 potestati
1600 1716 1842 1776 praesidis.
1902 1717 1973 1762 21.
2006 1716 2070 1763 Et
2103 1742 2106 1766 1

131 1778 545 1837 interrogaverunt
588 1793 713 1831 eum,
750 1779 983 1823 dicentes:
1039 1778 1278 1837 Magister,
1316 1777 1494 1822 seimus
1535 1777 1653 1837 quia
1695 1783 1818 1823 recte
1852 1777 1986 1833 dieiS,
2023 1782 2070 1824 et
2103 1804 2106 1806 ·

131 1838 290 1884 doces:
323 1844 369 1883 et
393 1855 487 1883 non
509 1839 683 1898 accipis
706 1854 970 1898 personam,
992 1839 1072 1883 sed
1090 1839 1217 1884 viam
1239 1839 1324 1884 Dei
1360 1839 1411 1883 in
1435 1839 1635 1884 veritate
1657 1838 1818 1884 doces:
1865 1839 1935 1884 22.
1958 1838 2071 1885 licet
2103 1845 2106 1854 “

132 1899 269 1944 nobis
290 1899 525 1944 tributum
559 1900 670 1944 dare
703 1901 903 1956 Caesari,
937 1916 999 1945 an
1040 1916 1133 1945 11011
1149 1902 1171 1944 ἶ)
1237 1901 1306 1945 23.
1347 1900 1666 1945 Considerans
1699 1905 1864 1945 autem
1899 1899 2068 1946 dolum

132 1959 341 2016 illorum,
364 1961 489 2005 dixit
516 1961 577 2006 ad
601 1976 699 2006 eos:
734 1961 862 2015 Quid
886 1977 962 2006 me
985 1962 1207 2006 tentatis?
1270 1962 1340 2006 24.
1375 1961 1622 2006 Ostenditc
1646 1960 1769 2006 mihi
1792 1961 2069 2009 denarium:

133 2021 279 2079 Cujus
314 2021 456 2066 habet
491 2023 769 2080 imaginem,
803 2027 849 2066 et
883 2023 1281 2082 inscriptionem?
1345 2022 1703 2081 Respondent&
1736 2021 1969 2068 dixerunt
1999 2022 2067 2068 ei:

133 2081 356 2127 Caesaris.
421 2083 489 2127 25.
525 2083 584 2127 Et
616 2083 684 2127 ait
717 2083 830 2127 illis:
882 2083 1084 2128 Reddite
1116 2099 1227 2143 ergo
1254 2099 1376 2142 quae
1398 2089 1511 2127 sunt
1533 2083 1758 2138 Caesaris,
1781 2083 1991 2128 Caesari:
2024 2088 2089 2130 et.

133 2157 257 2201 quae
285 2147 398 2187 sunt
422 2142 520 2198 Dei,
558 2144 667 2188 Deo.
733 2145 801 2189 26.
837 2144 897 2188 Et
932 2160 1027 2189 non
1053 2150 1313 2203 potuerunt
1347 2144 1550 2189 verbum
1585 2145 1688 2203 61115
1722 2143 2070 2204 reprehendere

134 2218 293 2248 coram
331 2203 489 2262 plebe:
538 2210 583 2249 et
622 2205 782 2249 mirati
816 2205 866 2249 in
902 2221 1123 2264 responso
1157 2206 1277 2264 ejus,
1315 2210 1582 2250 tacuerunt.
1646 2205 1716 2251 27.
1758 2205 2072 2252 Accesserunt

135 2268 294 2308 autem
317 2264 517 2323 quidam
539 2266 940 2321 Sadducaeorum,
963 2267 1046 2325 qui
1078 2272 1258 2325 negant
1288 2281 1386 2311 csse
1409 2266 1817 2322 resurrectionem,
1848 2271 1895 2312 et
1926 2266 2071 2312 inter-

135 2330 424 2382 rogaverunt
446 2337 568 2381 eum,
614 2327 683 2370 28.
707 2326 941 2371 dicentes:
976 2327 1215 2386 Magister,
1240 2328 1424 2386 Moyses
1445 2327 1635 2387 scripsit
1655 2327 1818 2372 nobis:
1850 2327 1902 2373 Si
1924 2327 2072 2374 frater

135 2384 338 2443 alicuj-us
361 2392 576 2431 mortuus
598 2388 740 2432 fuerit
772 2387 953 2432 habens
976 2404 1190 2444 uxorem,
1213 2394 1258 2434 et
1282 2388 1362 2433 hic
1383 2389 1486 2433 sine
1510 2388 1674 2434 liberis
1695 2388 1852 2444 fuerit,
1874 2392 1929 2434 ut
1950 2388 2074 2434 acei-

136 2445 237 2504 piat
257 2461 359 2490 eam
386 2447 527 2492 frater
560 2448 659 2505 ejus
694 2463 907 2503 uxorem,
940 2454 986 2493 ct
1017 2450 1210 2494 suscitet
1246 2461 1406 2495 semen
1445 2450 1578 2494 fratri
1610 2463 1720 2494 suo:
1786 2450 1856 2495 29.
1887 2454 2070 2509 septem

137 2521 247 2564 ergo
280 2506 450 2561 fratrea
475 2514 628 2552 erant:
662 2514 707 2553 et
741 2509 925 2567 primus
946 2511 1126 2570 accepit
1148 2526 1362 2565 uxorem,
1400 2516 1446 2556 et
1467 2515 1686 2555 mortuus
1706 2514 1776 2555 est
1807 2510 1911 2556 sine
1944 2510 2070 2557 filiis.

137 2567 209 2611 30.
243 2566 303 2611 Et
323 2582 523 2626 sequens
544 2570 723 2626 accepit
755 2570 906 2625 illam,
923 2575 968 2615 et
991 2571 1089 2630 ipse
1107 2578 1325 2616 mortuus
1342 2572 1528 2616 estsine
1552 2571 1663 2616 filio.
1712 2572 1783 2616 31.
1818 2571 1879 2616 Et
1900 2571 2070 2617 tertius

137 2628 316 2686 accepit
338 2627 486 2673 illam.
547 2630 778 2674 Similiter
815 2637 860 2675 et
881 2643 1045 2676 omnes
1082 2638 1274 2691 septem,
1297 2638 1342 2677 ct
1365 2646 1461 2678 non
1496 2632 1797 2691 reliquerunt
1826 2647 2003 2689 semen,
2025 2635 2072 2678 et

138 2688 315 2732 mortui
351 2694 475 2733 sunt.
539 2691 608 2734 32.
659 2691 924 2736 Novissime
960 2693 1180 2737 011111111111
1226 2700 1416 2738 mortua
1452 2699 1521 2739 est
1557 2698 1603 2738 et
1640 2688 1827 2738 mulier.
1891 2694 1962 2739 33.
2011 2693 2070 2738 In

137 2749 475 2794 resurrectione
497 2766 619 2809 crg0,
657 2752 790 2809 cujus
812 2767 975 2797 eorum
1010 2755 1100 2798 crit
1134 2757 1289 2799 uxor‘?
1321 2751 1562 2814 siquidem
1592 2759 1771 2813 septem
1796 2753 2073 2800 habuerunt

137 2823 244 2854 eam
287 2824 499 2854 uxorem.
562 2812 632 2855 34.
679 2812 739 2856 Et
776 2813 844 2857 ait
879 2814 974 2858 illis
1003 2814 1163 2860 Jcsus:
1215 2816 1323 2860 Filii
1369 2811 1512 2873 hujus
1554 2814 1731 2860 saeculi
1776 2814 1983 2871 nubunt,
2025 2821 2072 2861 et

137 2869 396 2914 traduntur
432 2870 492 2915 ad
528 2873 738 2930 nuptias:
803 2874 872 2918 35.
907 2874 977 2918 illi
1018 2891 1142 2930 vero,
1165 2877 1248 2935 qui
1272 2877 1409 2934 digni
1434 2876 1741 2921 habebuntur
1762 2876 1951 2922 saeculo
1972 2875 2072 2933 illo,

138 2936 184 2975 et
222 2932 560 2975 resurrectione
582 2948 640 2976 ex
675 2934 886 2989 mortuiS,
922 2951 1076 2994 neque
1112 2937 1308 2993 nubent,
1344 2951 1499 2996 neque
1534 2937 1711 2982 ducent
1745 2946 1935 2983 uxores:
1999 2938 2072 2983 36.

138 3005 294 3050 neque
331 2992 458 3035 enim
497 2992 622 3037 ultra
658 2995 776 3037 mori
802 3001 1047 3053 poterunt:
1081 2998 1302 3043 actuales
1336 2999 1467 3042 enim
1507 2997 1707 3057 Angelis
1740 3002 1867 3053 sunt,
1897 3002 1944 3043 et
1979 2997 2071 3043 filii

137 3056 251 3096 sunt
274 3050 381 3096 Dei:
416 3067 524 3096 cum
542 3053 638 3097 sint
661 3054 748 3098 filii
772 3058 1162 3102 resurrectionis:
1215 3060 1285 3104 37.
1319 3059 1445 3113 Quia
1468 3071 1580 3104 vcro
1603 3063 1855 3118 resurgant
1877 3057 2073 3116 mortui,

138 3117 184 3157 et
206 3111 390 3170 Moyses
411 3114 614 3158 ostendit
638 3130 768 3159 secus
790 3116 980 3173 rubum,
1017 3118 1138 3162 sicut
1175 3119 1292 3164 dicit
1324 3119 1604 3175 Dominum,
1628 3119 1782 3164 Deum
1807 3118 2072 3174 Abraham,

137 3177 185 3218 et
206 3172 363 3218 Deum
387 3173 532 3228 Isaac,
549 3179 594 3218 et
618 3174 771 3220 Deum
793 3173 954 3221 Jacob.
1007 3179 1077 3223 38.
1113 3179 1240 3224 Deus
1256 3186 1417 3225 autem
1441 3195 1536 3225 non
1561 3185 1630 3225 est
1652 3185 1967 3235 mortuorum,
1989 3178 2071 3226 sed

137 3233 382 3279 vivorum:
437 3249 600 3279 omnes
633 3235 760 3279 enim
799 3236 972 3282 vivunt
1013 3234 1098 3283 ci.‘³
1159 3241 1229 3284 39.
1265 3241 1621 3300 Respondentes
1663 3245 1826 3286 autem
1868 3239 2071 3300 quidam

137 3293 429 3350 Scribarum,
466 3294 695 3340 dixerunt
731 3297 798 3341 ei:
843 3294 1079 3355 Magister,
1111 3296 1232 3345 bene
1266 3301 1445 3346 dixisti.
1509 3302 1580 3347 40.
1627 3301 1690 3347 Et
1724 3315 1804 3347 am
1842 3300 1936 3347 lius
1972 3314 2071 3347 non

137 3353 382 3401 audebant
417 3369 527 3400 eum
567 3356 834 3416 quidquam
866 3357 1168 3418 interrogare.
1231 3362 1302 3407 41.
1337 3362 1475 3407 Dixit
1504 3366 1665 3408 autem
1695 3361 1758 3408 ad
1786 3315 1914 3408 iiios:
1947 3361 2073 3418 Quo·
