2106 3554
59 1446 62 1447 ’
144 1445 190 1487 61
222 1455 318 1485 000
355 1444 623 1501 potuerunt.
686 1439 755 1483 41.
810 1438 1118 1496 Respondens
1160 1442 1320 1482 autem
1363 1436 1514 1491 Jesus,
1557 1435 1703 1481 dixit:
1746 1435 1787 1482 Ο
1829 1433 2075 1494 generatio

147 156 228 201 858

148 299 194 339 et
215 292 461 344 Joannem,
498 292 543 334 et
578 285 789 332 ascendit
824 284 875 329 in
908 284 1121 328 montem
1153 283 1208 326 ut
1239 281 1405 325 oraret,
1471 278 1540 323 29.
1575 277 1638 323 Et
1673 276 1915 334 10618651,
1951 275 2075 324 duni

147 357 310 406 oraret,
347 350 520 410 species
556 347 718 394 vultus
755 346 853 404 ejus
889 344 1057 389 altera:
1106 346 1150 387 et
1188 341 1387 387 vestitus
1421 339 1521 398 ejus
1557 338 1697 384 albus
1733 341 1780 384 et
1815 336 2071 445 refulgens.

147 415 217 458 30.
250 413 311 457 Et
331 426 434 456 ecce
454 411 549 454 duo
570 408 663 453 viri
685 405 1005 465 loquebantur
1021 417 1130 448 cum
1148 402 1245 446 illo.
1289 401 1443 446 Erant
1457 404 1618 445 autem
1637 398 1922 459 Moysesfflt-
1969 398 2074 455 lias,

147 475 216 519 31.
248 473 338 518 visi
360 472 412 515 111
434 471 693 529 majestate:
727 472 772 511 et
807 465 1030 510 dicebant
1051 477 1295 508 excessum
1318 462 1430 520 ejus,
1458 475 1603 520 quem
1626 459 1952 520 completurus
1970 464 2077 509 erat

146 535 197 579 in
234 532 508 578 Jerusalem.
571 530 640 574 32.
690 528 855 572 Petrus
892 541 1016 580 vero,
1054 529 1100 569 et
1136 523 1220 582 qui
1259 538 1370 568 cum
1407 521 1492 567 illo
1530 525 1679 576 erant,
1715 520 1906 580 gravati
1936 525 2076 570 erant

145 609 321 640 somno.
386 592 447 636 Et
487 589 766 649 evigilantes
802 586 1029 632 viderunt
1065 585 1360 643 majestatem
1403 583 1515 641 63115,
1558 586 1604 628 61
1645 581 1766 627 (11105
1805 581 1949 636 viros,
1986 581 2072 641 qui

145 654 333 700 stabant
354 667 462 697 cum
487 651 580 695 illo.
645 651 713 694 33.
748 649 808 693 Et
829 648 1008 692 factum
1032 650 1099 691 est
1120 660 1231 690 cum
1255 643 1550 689 discederent
1587 642 1648 688 ab
1682 642 1782 698 1110,
1813 642 1884 688 ait
1905 642 2075 688 Petrus

145 715 205 760 ad
227 714 409 760 Jesum:
444 713 733 769 Praeceptor,
765 709 946 753 bonum
970 711 1038 752 est
1059 721 1144 751 nos
1167 706 1246 750 hic
1269 720 1383 750 esse:
1417 709 1463 749 et
1484 704 1718 749 faciamus
1738 703 1833 749 tria
1851 702 2075 750 taberna-

145 775 264 831 cula,
301 788 454 818 unum
477 772 598 826 Tibi,
633 775 678 815 et
700 784 853 815 unum
878 768 1044 826 Moysi,
1067 772 1112 812 et
1134 782 1289 812 unum
1315 765 1468 810 Eliae:
1502 765 1718 810 nesciens
1738 763 1859 824 quid
1881 763 2073 814 diceret.

145 836 215 881 34.
268 835 399 880 Haec
431 838 590 878 autem
612 831 696 875 illo
729 831 964 888 loquente,
996 829 1119 872 facta
1151 833 1220 872 est
1250 826 1414 882 nubes,
1448 830 1493 871 et
1524 825 1837 872 obumbravit
1877 839 1973 872 eos:
2027 828 2078 872 et

144 897 420 948 timuerunt,
457 892 748 938 intrantibus
778 890 873 934 illis
895 891 946 934 in
971 889 1162 934 nubem.
1227 888 1297 932 35.
1333 887 1394 932 Et
1430 902 1526 932 vox
1563 887 1688 932 facta
1724 891 1795 932 est
1831 885 1892 932 de
1927 885 2074 942 nube,

145 957 322 1002 dicens:
357 955 451 999 Hic
473 959 540 999 est
562 953 713 997 Filius
735 967 868 996 meus
891 948 1127 1004 dilectus,⁶
1158 949 1318 1008 ipsum
1353 948 1528 993 audite.
1594 948 1664 993 36.
1698 947 1762 993 Et
1798 946 1917 993 dum
1939 946 2076 996 fieret

145 1032 252 1072 vox,
289 1017 511 1061 inventus
533 1019 600 1059 est
621 1013 649 1058 J
652 1028 756 1057 esus
777 1012 916 1057 solus.
980 1011 1042 1055 Et
1078 1011 1167 1070 ipsi
1190 1013 1456 1063 tacuerunt,
1491 1013 1536 1054 et
1558 1008 1744 1054 nemini
1766 1007 1998 1055 dixerunt
2018 1007 2074 1055 in

144 1077 241 1123 illis
262 1076 427 1122 diebus
449 1075 716 1134 quidquam
751 1088 809 1117 ex
844 1073 933 1128 his,
971 1087 1094 1130 quae
1116 1071 1350 1116 viderant.
1415 1071 1485 1116 37.
1519 1069 1723 1115 Factum
1745 1073 1815 1115 est
1834 1073 1995 1118 autem
2018 1068 2077 1118 in·
2098 1083 2101 1086 ⁴

144 1137 358 1197 sequenti
397 1137 484 1189 die,
521 1133 913 1180 descendentibus
950 1132 1046 1177 illis
1081 1132 1139 1177 de
1177 1137 1352 1186 monte,
1389 1131 1596 1176 occurrit
1617 1130 1716 1176 illis
1736 1129 1881 1177 turba
1901 1129 2101 1176 multa.

144 1199 216 1244 38.
249 1197 309 1242 Et
328 1213 432 1242 6666
454 1197 528 1243 vir
550 1197 607 1240 de
629 1195 768 1240 turba
790 1194 1092 1246 exclamavit,
1125 1193 1306 1238 dicens:
1341 1192 1581 1250 Magister,
1602 1191 1792 1240 obsecro
1813 1195 1872 1248 te,
1894 1190 2075 1251 respice

144 1258 195 1303 in
218 1258 373 1303 filium
396 1273 555 1302 meum
581 1256 694 1315 quia
716 1255 886 1300 unicus
909 1259 976 1299 651
1014 1254 1157 1299 mihi:
1221 1254 1292 1298 39.
1325 1259 1371 1298 et
1408 1268 1512 1298 6666
1533 1253 1731 1312 spiritus
1752 1251 2079 1312 apprehendit

143 1334 267 1375 eum,
301 1324 346 1364 et
379 1318 534 1363 subito
572 1317 758 1371 clamat,
797 1322 841 1361 et
878 1316 1026 1370 elidit,
1064 1320 1109 1360 et
1146 1315 1345 1374 dissipat
1380 1329 1491 1360 eum
1530 1329 1641 1359 cum
1678 1327 1866 1383 spuma,
1899 1317 1948 1360 et
1983 1309 2072 1361 vix

143 1380 341 1425 discedit
363 1379 603 1424 dilanians
625 1393 758 1422 eum:
821 1378 892 1421 40.
925 1381 971 1421 et
999 1376 1161 1434 rogavi
1186 1375 1445 1435 discipulos
1466 1380 1573 1420 tuos
1594 1379 1650 1420 ut
1670 1374 1894 1434 ejicerent
1913 1372 2073 1430 illum,

145 1501 363 1556 infidelis,
401 1505 445 1546 et
482 1515 711 1560 perversa,
748 1514 996 1557 usquequo
1018 1514 1095 1542 610
1117 1498 1246 1556 apud
1270 1513 1365 1553 vos,
1400 1502 1446 1542 et
1467 1496 1623 1556 patiar
1643 1497 1758 1544 vos?
1780 1495 1955 1543 Adduo
1975 1494 2095 1545 hue

144 1561 299 1607 filium
317 1566 468 1606 tuum.
521 1561 590 1605 42.
626 1560 811 1604 Etcum
829 1559 1080 1614 accederet,
1098 1559 1223 1604 elisit
1240 1558 1380 1603 illum
1400 1558 1728 1613 daemonium,
1744 1562 1791 1604 et
1806 1555 2080 1617 dissipavit...

144 1622 215 1667 43.
269 1622 330 1666 Et
366 1622 630 1681 increpavit
665 1621 800 1665 Jesus
835 1620 1056 1679 spiritum
1096 1619 1424 1674 immundum,
1467 1624 1513 1664 et
1549 1618 1741 1665 sanavit
1776 1631 1996 1678 puerum,
2026 1620 2083 1665 et.

145 1682 353 1728 reddidit
383 1682 524 1727 illum
557 1682 677 1741 patri
709 1682 819 1739 ejus.
882 1682 954 1725 44.
989 1681 1255 1739 Stupebant
1287 1686 1447 1725 autem
1471 1695 1638 1726 0101165
1659 1679 1711 1726 in
1734 1677 2081 1740 magnitudino

146 1743 252 1788 Dei:
286 1743 601 1801 omnibusque
623 1741 910 1786 mirantibus
932 1742 981 1786 in
1006 1741 1243 1796 omnibus,
1278 1757 1402 1801 quae
1438 1741 1654 1796 faciebat,
1692 1740 1821 1788 dixit
1850 1738 1913 1786 ad
1934 1738 2087 1804 diflici-k

178 1803 281 1849 ulos
302 1819 427 1849 suos:
462 1803 628 1848 Ponite
665 1818 747 1848 vos
781 1803 832 1847 in
871 1802 1091 1847 cordibus
1128 1803 1295 1848 vestris
1329 1818 1569 1847 sermones
1597 1802 1729 1848 istos:
1763 1800 1920 1858 Filius
1940 1799 2094 1849 enim:

181 1864 355 1909 ominis
397 1865 611 1909 futurum
655 1868 722 1908 est
765 1868 817 1908 ut
858 1864 1075 1908 tradatur
1117 1863 1167 1908 in
1212 1879 1386 1909 manus
1428 1863 1700 1909 hominum.
1763 1862 1836 1908 45.
1889 1860 1956 1909 At
1996 1859 2084 1920 illi⁴

145 1925 429 1984 ignorabant
450 1925 650 1970 verbum
673 1924 813 1978 istud,
831 1929 875 1969 61
892 1929 991 1969 erat
1014 1924 1225 1970 velatum
1249 1930 1359 1970 ante
1382 1939 1457 1970 eos
1480 1929 1534 1969 ut
1556 1939 1654 1970 non
1676 1923 1909 1973 sentirent
1923 1921 2075 1969 illud:

145 1990 191 2030 et
211 1985 444 2030 timebant
466 2001 574 2030 611111
597 1986 886 2042 interrogare
909 1985 966 2030 de
989 1985 1077 2030 hoc
1099 1984 1255 2031 verbo.
1308 1986 1380 2031 46.
1415 1985 1625 2031 Intravit
1645 1989 1807 2031 autem
1825 1980 2083 2044 cogitatio&

146 2046 197 2090 in
221 2061 308 2100 eos,
345 2046 451 2105 quis
473 2061 632 2090 eorum
660 2047 809 2104 major
831 2051 958 2091 esset.
1020 2047 1090 2092 47.
1125 2047 1189 2091 At
1225 2047 1361 2091 Jesus
1395 2046 1573 2092 videns
1588 2045 1897 2105 cogitationes
1918 2042 2045 2094 cotd'
2076 2050 2079 2052 ’

148 2106 337 2151 illorum
363 2106 676 2166 apprehendit
698 2122 914 2165 puerum,
948 2111 994 2151 et
1030 2107 1196 2152 statuit
1216 2107 1359 2152 illum
1383 2123 1515 2153 secus
1537 2122 1598 2163 se,
1660 2107 1732 2152 48.
1765 2110 1812 2152 et
1847 2105 1918 2152 ait
1952 2104 2087 2159 illim-0

147 2166 447 2226 Quicumque
481 2168 732 2226 susceperit
768 2183 970 2226 puerum
1006 2168 1150 2212 istum
1189 2168 1239 2212 in
1279 2169 1474 2213 nomine
1516 2183 1636 2223 meo,
1677 2182 1756 2216 me
1797 2166 1984 2227 recipit:
2027 2168 2078 2216 ΘΕ

147 2228 439 2286 quicumque
460 2243 536 2273 me
557 2228 794 2286 receperit,
817 2228 982 2287 recipit
1004 2244 1127 2284 eum,
1150 2229 1233 2288 qui
1257 2244 1334 2274 me
1357 2230 1500 2275 misit.
1565 2229 1689 2278 Nam
1714 2227 1799 2288 qui
1822 2227 1984 2275 minor
2013 2247 2043 2267 ι·
2082 2245 2091 2248 ”

147 2287 270 2333 111161
302 2303 384 2333 vos
417 2303 592 2343 010065,
626 2288 704 2333 1116
739 2289 888 2347 major
921 2294 999 2334 est.
1063 2290 1134 2334 49.
1178 2290 1488 2349 Respondens
1509 2295 1671 2336 autem
1693 2289 1904 2335 Joannes
1926 2287 2081 2336 dixit}-

148 2348 437 2407 Praeceptor,
470 2349 681 2394 vidimus
715 2350 955 2408 quendam
995 2350 1046 2394 in
1085 2351 1281 2397 nomine
1314 2356 1396 2396 tuo
1431 2351 1699 2410 ejicientem
1722 2348 1990 2403 daemonia.
2025 2351 2079 2398 et.

146 2408 479 2515 prohibuimus
515 2424 643 2454 eum:
678 2411 792 2468 quia
829 2426 925 2455 non
963 2411 1179 2470 sequitur
1200 2411 1463 2457 nobiscum.
1528 2413 1599 2457 50.
1633 2411 1696 2458 Et
1731 2411 1800 2458 ait
1832 2409 1893 2456 ad
1927 2409 2082 2462 illunc

180 2483 301 2514 esus:
335 2469 490 2514 Nolite
522 2470 789 2528 prohibere:
824 2472 906 2530 qui
941 2472 1068 2516 enim
1094 2488 1190 2517 non
1214 2478 1282 2517 est
1303 2473 1558 2518 adversum
1594 2487 1691 2527 vos,
1725 2486 1811 2532 pro
1833 2470 1970 2519 vobis
2000 2490 2032 2511 22:
2078 2491 2089 2531 j

148 2529 218 2575 51.
261 2529 459 2574 Factum
493 2536 560 2575 est
591 2535 747 2575 autem
787 2531 902 2576 dum
938 2532 1289 2591 complerentur
1321 2534 1422 2579 dies
1463 2530 1831 2592 assumptionis⁰
1870 2531 1985 2591 ejus,
2037 2551 2046 2571 ι

147 2589 246 2648 ipse
267 2590 432 2635 faciem
456 2606 590 2635 suam
613 2591 847 2637 firmavit⁹
879 2597 932 2637 ut
963 2593 1052 2638 iret
1088 2594 1139 2638 in
1177 2594 1463 2639 Jerusalem-
1518 2595 1590 2640 52.
1624 2593 1686 2640 Et
1722 2593 1856 2640 misit
1875 2592 2041 2639 nunti

148 2654 259 2695 ante
280 2655 579 2709 conspectum
602 2667 761 2696 suum:
795 2657 840 2697 et
876 2659 1039 2698 euntes
1062 2654 1365 2700 intraverunt
1399 2656 1450 2701 in
1485 2655 1729 2701 civitatem
1751 2653 2045 2700 Samariten
2082 2707 2083 2711 η

148 2709 298 2757 ru1n¹⁰
328 2715 382 2755 ut
418 2716 639 2770 pararent
659 2711 782 2757 1111.ιι
846 2714 915 2758 53.
950 2714 1011 2759 Ε1
1048 2730 1143 2759 1100
1167 2722 1446 2775 receperunt
1467 2731 1593 2768 611111,
1627 2715 1744 2776 quia
1765 2714 1908 2761 facies
1928 2714 2029 2774 ejus
2054 2724 2085 2751 '-

147 2775 249 2819 erat
299 2772 454 2816 euntis
495 2772 546 2816 in
588 2772 862 2818 Jerusalem.
925 2775 994 2819 54.
1048 2776 1168 2820 Cum
1224 2777 1455 2822 vidissent
1500 2782 1663 2823 autem
1705 2776 1822 2822 disci
1858 2774 1928 2823 uli
1972 2774 2012 2833 ej
2058 2810 2065 2813 ⁴

147 2830 364 2886 Jacobus,
387 2836 432 2876 et
452 2832 670 2887 Joannes,
694 2833 937 2879 dixerunt:
973 2835 1189 2891 Domine,
1219 2837 1292 2883 vis
1315 2838 1521 2883 dicimus
1542 2843 1598 2883 ut
1619 2835 1787 2897 ignie¹⁸
1851 2835 2052 2885 escenda
2079 2862 2086 2882 ι,

148 2891 207 2938 de
230 2891 375 2961 eaelo,
404 2896 448 2936 et
483 2898 729 2938 consumat
750 2894 884 2939 illos?
946 2896 1014 2940 55.
1051 2896 1110 2942 Et
1132 2912 1384 2943 conversus
1407 2898 1674 2958 increpavit
1695 2895 1858 2953 i1108,¹⁴
1888 2896 2075 2945 dicens²

149 2952 350 3000 Nescltls
383 2953 516 3011 cujus
553 2953 784 3011 spiritus¹⁵
826 2956 945 3000 estis.
1007 2957 1077 3002 56.
1133 2957 1288 3003 Filius
1329 2958 1541 3004 hominis
1579 2974 1676 3005 non
1714 2958 1850 3005 venit
1883 2957 2035 3005 anim
2059 2979 2080 2997 -·

148 3012 356 3073 perdere,
393 3013 473 3059 sed
511 3014 704 3059 salvare.
768 3015 829 3059 Et
862 3016 1084 3063 abierunt
1117 3018 1167 3063 in
1191 3019 1325 3064 aliud
1349 3020 1610 3066 castellum.
1674 3019 1744 3066 57.
1778 3018 1981 3068 Factum
2015 3037 2083 3058 ·-:*‘·

147 3077 328 3123 autem:
376 3073 735 3119 ambulantibus
756 3075 853 3120 illis
874 3076 925 3120 in
955 3077 1045 3131 via,
1083 3078 1208 3124 dixit
1230 3080 1430 3139 quidam
1453 3081 1514 3126 ad
1537 3078 1743 3127 illumz¹⁶
1784 3079 1968 3140 Sequar

148 3147 453 3194 quocumque
474 3134 595 3180 ieris.
643 3135 713 3180 58.
747 3135 884 3180 Dixit
905 3136 976 3181 illi
1001 3138 1155 3184 Jesus:
1189 3140 1371 3199 Vulpes
1393 3142 1551 3187 foveas
1573 3141 1774 3196 habent„
1788 3144 1836 3188 et
1856 3139 1999 3188 voluo
2035 3159 2078 3179 ·-·

97 3225 102 3230 .
148 3193 266 3242 meli
288 3194 450 3241 nidos:
484 3194 637 3241 Filius
658 3200 817 3241 autem
835 3196 1045 3244 hominis
1067 3214 1162 3244 non
1186 3199 1331 3246 habet
1351 3201 1435 3246 ubi
1459 3207 1603 3261 caput
1623 3201 1832 3250 reclinet
1883 3200 1956 3247 59.
1987 3198 2049 3250 A‘
2073 3206 2079 3258 f

147 3259 310 3304 autem
344 3254 404 3301 ad
439 3254 667 3301 alterum:
716 3255 917 3315 Sequere
953 3273 1049 3314 me;
1097 3259 1180 3306 ille
1216 3266 1375 3306 autem
1411 3262 1560 3308 dixit:
1611 3262 1819 3310 Domine
1850 3260 2066 3331 φυκί’

147 3314 273 3362 mihi
308 3315 523 3379 primum
555 3315 637 3375 ire,
674 3320 720 3362 et
754 3316 948 3378 sepelire
983 3324 1167 3381 patrem
1202 3335 1377 3372 meum.
1440 3323 1511 3371 60.
1565 3322 1800 3389 Dixitque
1835 3336 1879 3370 el
1914 3320 1944 3370 J
1956 3343 1988 3361 22
2008 3342 2060 3364 ··»
