2106 3554
2028 0 2106 179 Ἰ

155 178 235 220 398
2095 179 2106 239 ξ

153 312 301 366 vobis,
323 308 553 369 quoniam
575 306 734 352 adhuc
755 304 858 360 hoc,
881 302 1010 363 quod
1033 302 1261 361 scriptum
1297 304 1378 357 est,
1400 303 1585 360 oportet
1605 299 1672 346 im
1710 299 1799 347 leri
1821 299 1873 347 in
1895 317 1993 350 me:
2027 301 2092 350 Et

155 388 263 418 cum
298 370 478 429 iniquis
516 369 769 427 deputatus
811 364 936 410 est.²⁵
999 363 1192 408 Etenim
1236 377 1303 418 ea,
1346 377 1470 422 quae
1512 366 1626 407 sunt
1701 378 1726 408 e
1759 362 1899 418 me,²⁵
1940 363 2091 410 finem

155 433 345 478 habent.
409 431 478 474 38.
512 429 576 473 At
613 427 685 472 illi
717 427 964 471 dixerunt:
1000 424 1219 479 Domine,
1254 438 1358 468 ecce
1382 423 1492 481 duo·
1512 422 1665 482 gladii
1702 422 1844 469 hic.²¹
1905 423 1971 470 At
2006 424 2092 471 ille

156 491 279 538 dixit
313 491 399 536 eis:
432 489 554 535 Satis
588 487 713 533 est.²⁸
773 488 843 531 39.
878 486 940 530 Et
969 500 1180 544 egressus
1215 483 1360 528 ibat²⁹
1390 484 1656 529 secundum
1692 484 2091 532 consuetudinem

154 554 204 598 in
240 553 451 597 Montem
486 549 741 594 olivarum.
803 546 961 592 Secuti
999 551 1114 590 sunt
1148 550 1309 590 autem
1350 545 1493 589 illum
1529 549 1575 590 et
1609 544 1848 604 discipuli.
1911 547 1984 592 40.
2029 545 2094 594 Et

154 628 261 659 cum
285 611 574 671 pervenisset
595 610 654 654 ad
690 609 863 661 locum,
888 607 1013 652 dixit
1047 606 1164 661 illis:
1200 605 1343 651 Orate
1378 621 1438 650 ne
1468 605 1657 661 intretis
1686 605 1738 650 in
1760 606 2091 655 tentationem.

153 676 222 719 41.
269 673 329 717 Et
363 672 460 731 ipse
493 670 687 715 avulsus
721 674 789 714 est
825 668 886 712 ab
921 668 986 712 eis
1029 672 1269 726 quantum
1301 667 1458 725 jactus
1492 671 1561 712 est
1598 665 1794 727 lapidis:
1846 673 1894 713 et
1925 667 2094 728 positis

152 733 353 791 genibus
387 730 564 784 orabat,
596 731 666 775 42.
701 730 881 774 dicens:
916 729 1055 773 Pater
1085 729 1123 773 si
1159 728 1245 782 vis,
1279 728 1482 772 transfer
1504 727 1702 773 calicem
1740 727 1886 773 istum
1925 743 1954 774 a
1990 744 2093 774 me:

153 793 497 840 Verumtamen
533 807 629 836 non
666 806 772 835 mea
810 789 1047 844 voluntas,
1085 789 1164 833 sed
1188 794 1271 833 tua
1294 790 1389 833 fiat.
1453 790 1525 834 43.
1558 788 1801 848 Apparuit
1832 794 1993 835 autem
2017 789 2093 835 illi

154 852 416 914 Angelus³⁰
447 854 504 897 de
543 852 683 906 caelo,
717 852 986 896 confortans
1025 865 1148 894 eum.
1214 850 1275 894 Et
1310 851 1462 894 tactus
1500 850 1551 894 in
1589 849 1777 909 agonia,
1793 848 1823 874 ³¹
1890 850 2096 897 rolixius

152 916 327 961 orabat.
390 915 461 958 44.
496 914 556 958 Et
592 913 743 957 factus
765 917 834 956 est
869 912 1015 956 sudor
1036 911 1149 968 ejus,
1166 909 1197 934 ³²
1229 911 1352 955 sicut
1372 915 1536 969 guttae
1568 910 1821 970 sanguinis
1877 927 2095 957 ecurren-

153 977 213 1022 tis
235 976 285 1020 in
307 980 497 1020 terram.
560 974 630 1018 45.
666 973 726 1017 Et
764 987 874 1017 cum
913 972 1195 1016 surrexisset
1231 971 1292 1016 ab
1325 971 1552 1026 oratione,
1576 977 1622 1016 et
1642 971 1849 1017 venisset
1871 971 1931 1017 ad
1956 972 2094 1018 disci-

152 1037 289 1097 pulos
310 1051 430 1089 suos,
453 1033 640 1079 invenit
662 1049 738 1078 eos
768 1033 1056 1078 dormientes
1094 1048 1207 1091 prae
1244 1032 1451 1077 tristitia.
1515 1033 1586 1077 46.
1621 1033 1685 1078 Et
1721 1033 1790 1078 ait
1810 1032 1930 1079 illis:
1962 1032 2093 1088 Quid

153 1096 399 1142 dormitis?
451 1096 642 1154 surgite,
684 1099 825 1146 orate,
869 1110 928 1138 ne
972 1094 1158 1138 intretis
1201 1094 1251 1137 in
1296 1093 1623 1139 tentationem.
1701 1094 1772 1141 47.
1826 1093 2003 1140 Adhuc
2041 1109 2095 1140 co

152 1158 375 1218 loquente
397 1172 500 1202 ecce
522 1155 686 1200 turba:
720 1161 765 1200 et
788 1155 869 1214 qui
896 1154 1157 1199 vocabatur
1178 1154 1206 1199 J
1211 1154 1343 1208 udas,
1382 1170 1509 1199 unus
1531 1155 1590 1200 de
1622 1154 1892 1211 duodecim,
1913 1159 2096 1201 antece·

152 1219 293 1264 debat
314 1234 409 1263 eos:
444 1223 488 1262 et
510 1216 917 1276 appropinquavit
939 1215 1050 1260 Jesu
1076 1222 1130 1260 ut
1151 1215 1446 1260 oscularetur
1477 1231 1602 1261 eum.
1666 1217 1738 1261 48.
1770 1216 1908 1262 Jesus
1929 1221 2093 1262 autem

153 1280 278 1324 dixit
311 1279 405 1323 illi:
439 1277 580 1331 Juda,
618 1277 776 1322 osculo
810 1276 1042 1321 Filium33
1074 1276 1286 1321 hominis
1319 1277 1497 1321 tradis?
1559 1277 1631 1322 49.
1665 1276 1898 1323 Videntes
1933 1282 2096 1323 autem

154 1340 220 1395 hi,
255 1340 338 1399 qui
377 1339 500 1384 circa
534 1339 691 1398 ipsum
728 1343 876 1393 erant,
914 1338 1041 1397 quod
1075 1339 1292 1397 futurum
1316 1342 1429 1393 erat,
1460 1337 1692 1383 dixerunt
1712 1338 1775 1384 ei:
1813 1338 2033 1394 Domine,
2055 1337 2095 1383 si

153 1400 443 1461 percutimus
459 1398 490 1423 ³⁴
521 1399 573 1444 in
595 1399 786 1457 gladio?
849 1400 918 1443 50.
954 1399 1013 1443 Et
1038 1399 1267 1458 percussit
1290 1414 1416 1443 unus
1449 1414 1506 1443 ex
1531 1398 1673 1444 illis³⁵
1704 1414 1897 1445 servum
1921 1398 2098 1460 princi-

154 1462 226 1521 pis
249 1459 558 1515 sacerdotum,
581 1466 627 1505 et
648 1459 921 1519 amputavit
947 1459 1214 1505 auriculam
1240 1460 1340 1518 ejus
1363 1459 1625 1505 dexteram.
1675 1460 1748 1506 51.
1781 1460 2095 1520 Respondens

155 1527 312 1567 autem
333 1522 481 1577 Jesus,
504 1521 589 1566 ait:
624 1521 774 1566 Sinite
794 1536 943 1580 usque
967 1520 1123 1565 11110.36
1171 1521 1233 1565 Et
1250 1536 1359 1565 cum
1384 1521 1613 1580 tetigisset
1629 1519 1660 1546 ³⁷
1691 1521 1963 1567 auriculam
1981 1521 2096 1581 ejus,

156 1583 344 1628 sanavit
366 1597 488 1627 eum.
552 1583 623 1627 5⁶2.
658 1581 795 1626 Dixit
817 1587 975 1626 autem
1015 1581 1151 1627 Jesus
1188 1582 1247 1626 ad
1273 1598 1362 1636 eos,
1385 1582 1469 1641 qui
1495 1587 1725 1628 venerant
1755 1582 1814 1628 ad
1840 1597 1902 1638 se,
1923 1581 2101 1643 princi·

156 1658 236 1703 pes
273 1643 584 1695 sacerdotum,
622 1648 666 1687 et
704 1643 1010 1701 magistratus
1043 1643 1226 1702 templi,
1249 1648 1293 1688 et
1316 1643 1542 1688 seniores:
1577 1643 1724 1698 Quasi
1762 1643 1824 1688 ad
1859 1643 2098 1689 latronem

157 1704 320 1749 existis
341 1719 448 1748 cum
472 1703 660 1762 gladiis,
683 1710 727 1747 et
757 1704 991 1748 fustibus?
1054 1705 1124 1748 53.
1158 1706 1279 1748 Cum
1319 1704 1535 1763 quotidie
1573 1704 1823 1750 vobiscum
1846 1703 2021 1750 fuerim
2044 1703 2098 1749 in

157 1765 348 1824 templo,
383 1780 478 1809 non
519 1764 796 1809 extendistis
834 1780 1007 1809 manus
1043 1764 1090 1809 in
1133 1781 1227 1809 me:
1263 1765 1342 1809 scd
1383 1765 1500 1810 haec
1534 1771 1602 1810 est
1635 1765 1753 1811 hora
1791 1764 2009 1821 vestra‚³⁸
2055 1769 2102 1810 et

158 1831 361 1885 potestas
397 1825 713 1870 tenebrarum.
777 1827 847 1870 54.
889 1826 1358 1885 Comprehendentes
1390 1831 1553 1870 autem
1589 1842 1714 1882 eum,
1753 1826 2001 1872 duxerunt
2037 1825 2100 1872 ad

159 1887 357 1931 domum
395 1886 626 1946 principis
669 1886 987 1931 sacerdotum:
1044 1887 1210 1932 Petrus
1254 1902 1365 1932 vero
1408 1886 1698 1946 sequebatur
1739 1903 1768 1933 a
1811 1887 1963 1947 longe.
2026 1887 2100 1933 55.

162 1949 369 1992 Accenso
393 1953 551 1992 autem
577 1947 687 2006 igne
711 1947 759 1991 in
785 1948 942 1992 medio
966 1948 1090 2003 atrii,
1114 1954 1159 1993 et
1182 1948 1644 1994 circumsedentibus
1666 1948 1776 2005 illis,
1809 1954 1910 1994 erat
1932 1948 2102 1994 Petrus

160 2008 210 2052 in
236 2007 392 2052 medio
414 2022 591 2053 eorum.
655 2009 725 2052 56.
759 2012 911 2062 Quem
946 2024 1055 2053 cum
1083 2008 1276 2054 vidisset
1298 2009 1477 2054 ancilla
1509 2009 1750 2069 quaedam
1771 2009 2014 2055 sedentem
2038 2008 2100 2055 ad

163 2068 341 2123 lumen,
380 2074 425 2113 et
459 2084 567 2113 eum
607 2069 769 2113 fuisset
792 2070 982 2124 intuita,
1005 2070 1150 2115 dixit:
1187 2070 1247 2114 Et
1283 2070 1359 2114 hic
1396 2085 1505 2115 cum
1531 2070 1615 2115 illo
1649 2075 1763 2116 crat.
1827 2071 1900 2117 57.
1933 2070 1999 2116 At
2021 2069 2106 2117 illo

162 2129 355 2188 negavit
377 2143 501 2183 eum,
524 2129 703 2174 dicens:
739 2130 926 2185 Mulier,
951 2146 1045 2175 non
1072 2131 1183 2176 novi
1210 2130 1363 2176 illum.
1413 2133 1484 2176 58.
1519 2131 1580 2176 Et
1597 2136 1701 2191 post
1722 2131 1955 2192 pusillum
1978 2130 2106 2178 alius

164 2190 331 2234 videns
352 2205 476 2242 eum,
499 2190 642 2235 dixit:
683 2191 738 2235 Et
760 2197 811 2235 tu
837 2191 893 2235 de
919 2191 1014 2236 illis
1037 2208 1095 2237 es.
1163 2193 1329 2237 Petrus
1352 2207 1464 2237 vero
1487 2192 1574 2237 ait:
1610 2192 1649 2238 O
1674 2192 1832 2247 homo,
1861 2207 1957 2238 non
1981 2206 2105 2238 sum.

164 2252 234 2294 59.
268 2250 596 2296 Etintervallo
613 2253 732 2296 facto
747 2253 882 2310 quasi
904 2252 1046 2297 horae
1066 2253 1222 2308 uniuS,
1246 2254 1370 2297 alius
1393 2253 1591 2312 quidam
1618 2253 1903 2309 affirmabat,
1919 2253 2103 2299 dicens:

166 2310 287 2356 Vere
302 2317 347 2355 et-
364 2311 441 2356 hic
457 2327 563 2356 cum
582 2311 665 2356 illo
689 2320 805 2357 erat:
841 2329 953 2358 narn
979 2320 1021 2358 ct
1047 2313 1290 2358 Galilaeus
1312 2319 1391 2359 est.
1439 2316 1510 2359 60.
1545 2314 1607 2359 Et
1622 2314 1691 2359 ait
1707 2314 1894 2360 Petrus:
1929 2313 2106 2371 Homo,

166 2372 321 2416 nescio
345 2372 461 2430 quid
486 2371 615 2417 dicis.
682 2373 741 2418 Et
763 2374 991 2418 continuo
1015 2375 1173 2419 adime
1197 2374 1280 2420 illo
1315 2375 1539 2434 loquente
1562 2375 1777 2421 cantavit
1797 2375 1967 2435 gallus.
2031 2377 2105 2421 61.

169 2432 230 2476 Et
251 2446 503 2477 conversus
527 2433 762 2478 Dominus
786 2435 989 2493 respexit
1029 2435 1237 2480 Petrum.
1304 2436 1363 2480 Et
1387 2435 1659 2481 recordatus
1691 2442 1758 2481 est
1781 2436 1948 2481 Petrus
1970 2434 2105 2482 verbi

170 2492 381 2548 Domini,
416 2493 533 2538 sicut
570 2492 779 2539 dixerat:
814 2497 939 2549 Quia
974 2497 1106 2555 prius
1137 2510 1282 2555 quain
1306 2496 1463 2554 gallus
1498 2502 1668 2552 cantet,
1690 2502 1761 2543 ter
1783 2512 1860 2543 me
1882 2496 2104 2567 negabis:

169 2554 240 2597 62.
275 2553 335 2597 Et
357 2569 565 2610 egressus
588 2556 708 2599 t'oras
732 2555 898 2600 Petrus
921 2557 1049 2601 flevit
1075 2570 1247 2602 amare.
1282 2560 1353 2603 63.
1378 2557 1438 2602 Et
1462 2558 1568 2611 viri,
1591 2557 1675 2618 qui
1699 2557 1926 2604 tenebant
1949 2556 2106 2613 illum¹

168 2612 438 2658 illudebant
455 2613 510 2668 ei,
533 2614 789 2661 caedentes.
853 2618 922 2661 04.
959 2617 1017 2662 Et
1042 2618 1323 2663 velaverunt
1360 2632 1485 2673 eum,
1507 2626 1553 2664 ct
1575 2618 1906 2678 percutiebant
1935 2618 2106 2664 faciem

170 2671 288 2733 ejus:
322 2674 1122 2733 etinterrogabanteumſslicentes:
1157 2679 1451 2738 I‘rophetiza,
1466 2679 1574 2738 quis
1588 2679 2106 2739 est,(uitepercussit?

170 2735 241 2778 «55.
277 2735 335 2779 Et
358 2735 453 2779 alia
475 2737 629 2780 multa
653 2737 1035 2796 blasphemantes
1073 2740 1295 2784 dicebant
1330 2740 1379 2784 in
1408 2755 1532 2786 eum.
1597 2744 1667 2786 66.
1744 2746 1839 2786 tut
1870 2741 2018 2786 factus
2039 2744 2106 2787 est

171 2793 284 2850 dies,
306 2803 633 2841 convenerunt
669 2797 873 2843 seniores
911 2798 1074 2858 plebis,
1098 2807 1141 2844 et
1164 2798 1403 2860 principes
1435 2801 1747 2857 sacerdotum,
1769 2806 1815 2847 et
1835 2801 2041 2857 Scribae,
2063 2805 2106 2847 et

171 2860 415 2900 duxerunt
438 2857 577 2900 illuni
603 2858 651 2901 in
677 2859 931 2903 concilium
957 2876 1112 2915 suum,
1131 2861 1359 2906 dicentes:
1393 2862 1441 2906 Si
1467 2868 1517 2907 tu
1542 2877 1588 2907 es
1611 2861 1934 2918 Christus,dic
1955 2860 2106 2909 nobis.

171 2919 241 2962 67.
277 2916 338 2961 Et
375 2915 442 2961 ait
478 2917 592 2961 illis:
626 2918 674 2962 Si
715 2919 848 2963 vobis
883 2920 1060 2974 dixero,
1106 2935 1201 2965 11011
1242 2922 1440 2966 credetis
1475 2922 1619 2968 mihi:
1684 2924 1755 2969 68.
1788 2923 1828 2968 Si
1865 2927 2028 2968 autem
2063 2927 2106 2968 et

172 2977 540 3036 interrogavero,
580 2991 674 3022 non
715 2981 1056 3037 respondebitis
1096 2981 1232 3037 mihi,
1264 2996 1419 3042 neque
1457 2984 1722 3029 dimittetis.
1787 2984 1858 3029 69.
1906 2983 1980 3028 Ex
2019 2981 2106 3028 hoc

170 3043 329 3082 autem
355 3039 443 3082 erit
483 3038 634 3083 Filius
659 3039 868 3083 hominis
903 3042 1067 3086 sedens
1105 3059 1132 3087 a
1168 3043 1348 3088 dextris
1371 3044 1564 3089 virtutis
1599 3043 1698 3089 Dei.
1762 3045 1833 3091 70.
1868 3043 2106 3093 Dixerunt

170 3105 330 3146 autem
354 3111 538 3143 omnes:
573 3099 645 3143 Tu
670 3115 779 3158 ergo
803 3116 849 3145 es
874 3101 1026 3146 Filius
1044 3103 1126 3148 Dei
1140 3105 1160 3148 ⁵?
1193 3104 1284 3158 Qui
1306 3104 1392 3149 ait:
1428 3104 1525 3150 Vos
1548 3104 1720 3161 dicitis,
1741 3105 1859 3165 quia
1880 3119 1966 3164 ego
1987 3117 2106 3150 sum.

171 3159 240 3205 71.
277 3159 339 3203 At
362 3158 431 3203 illi
473 3159 721 3204 dixerunt:
756 3161 884 3215 Quid
921 3163 1078 3208 adhuc
1109 3164 1434 3210 desideramus
1468 3165 1831 3211 testimonium?
1863 3164 1953 3226 ipsi
1977 3163 2106 3212 enim

171 3219 448 3265 audivimus
482 3220 539 3265 de
562 3233 640 3265 ore
663 3221 774 3280 ejus.
