2106 3554
146 174 230 216 '560

919 303 1096 373 Caput
1160 301 1260 354 XI.

208 447 246 490 1.
279 443 551 489 Audierunt
572 446 731 487 autem
757 439 1009 499 Apostoli,¹
1043 443 1088 484 et
1118 439 1297 494 fratres,
1330 439 1414 499 qui
1437 444 1576 485 erant
1595 439 1648 484 in
1670 439 1878 486 Judaea:
1941 454 2041 487 uon
2083 484 2085 489 .

147 522 224 551 am
247 511 292 550 et
314 506 486 550 Gentes
508 506 785 562 receperunt
807 500 1009 546 verbum
1034 500 1134 544 Dei.
1199 501 1238 544 2.
1272 500 1394 545 Cum
1418 506 1580 545 autem
1602 501 1888 547 ascendisset
1950 505 2070 558 etrti

146 567 173 610 J
177 565 504 624 erosolymam‚
536 562 865 621 disceptabant
896 561 1124 606 adversus
1153 559 1309 616 illu‘m,
1332 561 1417 620 qui
1440 566 1576 606 erant
1597 577 1656 606 ex
1679 561 2075 620 circumcisione,-

146 630 184 671 3.
218 625 444 671 dicentes:
478 625 636 678 Quare
658 622 865 667 introisti
889 621 947 666 ad
972 621 1100 667 viros
1118 622 1421 680 praeputium
1442 621 1684 676 habentes.
1707 627 1755 668 ct
1774 621 2033 669 manduca
2052 654 2053 660 .
2072 622 2085 659 ἑ*

146 703 251 731 cum
286 684 440 730 illis?³
501 685 542 729 4.
575 683 818 742 Incipiens
839 687 1002 727 autem
1027 682 1194 727 Petrus
1216 682 1485 741 exponebat
1507 682 1604 727 illis
1626 683 1860 738 ordinem,
1893 683 2090 746 (110011εῇ

145 749 184 792 5.
219 747 320 806 Ego
343 761 471 791 eram
494 746 544 789 in
569 745 760 789 civitate
782 743 811 788 J
814 759 934 803 oppe
956 756 1110 794 010115,
1143 748 1189 788 et
1214 743 1317 788 vidi
1340 743 1391 788 in
1416 759 1607 788 excessu
1632 744 1808 789 mentis
1828 743 2103 802 visionem,

145 807 430 853 descendens
466 821 548 850 vas
586 803 829 864 quoddam
869 803 1002 849 velut
1038 803 1243 848 linteum
1284 819 1516 863 magnum
1548 810 1755 863 quatuor
1776 805 1931 850 initiis
1951 808 2095 850 sum.v

146 867 271 913 mitti
295 867 352 912 de
374 865 515 921 caelo,
548 871 593 911 et
615 865 747 910 venit
769 880 919 924 usque
941 864 1000 909 ad
1027 880 1114 910 me.
1179 867 1218 909 6.
1253 865 1312 910 In
1335 865 1463 924 quod
1488 865 1682 910 intuens
1703 865 2091 923 considerabam,

143 935 188 974 et
229 928 331 974 vidi
373 926 705 987 quadrupedia
746 930 910 979 terrae,
953 931 998 970 et
1040 925 1226 980 bestiaS,
1269 931 1313 970 et
1355 926 1559 985 reptilia,
1602 931 1647 971 et
1690 926 1909 972 volatilia
1945 926 2091 973 caeli!-

145 993 183 1035 7.
217 989 397 1034 Audivi
421 993 581 1033 autem
604 992 650 1032 et
673 1001 834 1031 vocem
858 986 1095 1031 dicentem
1119 986 1263 1031 mihi:
1297 986 1447 1045 Surge
1480 987 1628 1042 Petre,
1661 987 1834 1043 occide,
1865 992 1913 1032 et
1942 997 2103 1033 man-³

145 1051 278 1095 duca.
357 1051 395 1094 8.
441 1048 554 1093 Dixi
608 1053 788 1092 autem:
853 1047 1170 1106 Nequaquam
1226 1047 1452 1092 Domine:
1516 1048 1633 1107 quia
1685 1063 1943 1094 commune
1993 1046 2103 1106 autJ

145 1110 454 1155 immundum
478 1123 747 1167 numquam
775 1107 996 1153 introivit
1028 1107 1078 1152 in
1112 1123 1162 1152 os
1195 1123 1371 1153 meum.
1435 1110 1475 1154 9.
1510 1108 1775 1168 Respondit
1797 1114 1959 1155 autem
1981 1124 2091 1155 vox-³

143 1171 348 1216 secundo
371 1171 428 1215 de
450 1170 596 1215 caelo:
632 1170 764 1223 Quae
802 1169 930 1213 Deus
967 1169 1238 1222 mundavit,
1272 1174 1325 1214 tu
1363 1184 1424 1214 ne
1462 1184 1717 1214 commune
1750 1169 1942 1215 dixeris.
2006 1171 2078 1216 10.

146 1232 249 1277 Hoc
270 1236 429 1276 autem
452 1231 629 1275 factum
654 1238 722 1275 est
743 1245 826 1289 per
858 1236 946 1274 ter:
981 1235 1026 1275 et
1058 1236 1244 1288 recepta
1265 1235 1378 1274 sunt
1399 1230 1564 1275 omnia
1586 1245 1777 1275 rursum
1801 1230 1854 1276 in
1876 1230 2078 1277 caelum.
2094 1233 2098 1266 Γ

153 1295 215 1337 ll.
249 1292 310 1336 Et
338 1306 441 1336 ecce
463 1290 555 1337 viri
578 1296 670 1336 tres
692 1290 938 1335 confestim
963 1290 1218 1335 astiterunt
1240 1290 1291 1335 in
1314 1291 1470 1346 domo,
1502 1291 1554 1336 in
1587 1306 1685 1350 qua
1716 1306 1862 1346 eram,
1893 1291 2026 1337 missi
2049 1306 2080 1338 a

145 1356 368 1398 Caesarea
390 1352 450 1397 ad
474 1367 561 1397 me.
627 1352 695 1396 12.
731 1351 869 1396 Dixit
891 1357 1052 1396 autem
1075 1351 1283 1410 Spiritus
1306 1352 1428 1396 mihi
1453 1357 1506 1396 ut
1528 1351 1646 1397 irem
1670 1367 1782 1397 cum
1805 1351 1916 1408 illis,
1949 1350 2076 1398 nihil

146 1414 394 1459 haesitans.
459 1413 708 1458 Venerunt
729 1417 888 1457 autem
913 1427 1101 1457 mecum
1127 1419 1172 1457 et
1193 1428 1275 1457 sex
1299 1414 1465 1458 fratres
1487 1413 1579 1467 isti,
1611 1418 1657 1458 et
1689 1413 1887 1472 ingressi
1911 1428 2080 1459 sumus
2103 1431 2106 1470 3

145 1476 195 1519 in
218 1474 416 1519 domum
440 1473 544 1518 viri.
579 1474 647 1518 13.
672 1473 900 1518 Narravit
921 1478 1081 1518 autem
1106 1473 1256 1527 nobiS,
1274 1474 1515 1533 quomodo
1539 1473 1735 1519 vidisset
1757 1473 2000 1530 Angelum
2025 1473 2078 1519 in
2102 1511 2106 1514 .

146 1535 286 1580 domo
303 1550 400 1590 sua,
423 1539 623 1579 stantem
644 1540 689 1579 et
711 1533 949 1578 dicent-em
967 1533 1079 1579 sibi:
1115 1534 1251 1579 Mitte
1268 1534 1319 1579 in
1337 1534 1365 1579 J
1369 1550 1538 1594 oppen,
1560 1540 1606 1580 et
1626 1535 1798 1580 accersi
1817 1535 2079 1591 Simonem,
2105 1577 2106 1580 ,

145 1596 228 1655 qui
252 1596 617 1654 cognominatur
640 1595 819 1650 PetruS,
883 1595 952 1639 14.
986 1594 1070 1654 qui
1094 1594 1317 1654 loquetur
1338 1595 1427 1640 tibi
1451 1595 1608 1647 verba,
1642 1595 1693 1640 in
1751 1595 1895 1641 uibus
1916 1595 2106 1651 Salvus:¹

145 1656 235 1702 eris
256 1661 322 1711 tu,
355 1661 400 1701 et
430 1656 653 1701 universa
675 1655 846 1700 domus
867 1660 963 1700 tua.
1030 1656 1098 1700 15.
1132 1656 1252 1700 Cum
1278 1661 1437 1701 autem
1462 1656 1714 1715 coepissem
1759 1657 1888 1716 oqui,
1909 1656 2080 1703 cecidit
2104 1656 2106 1661 '

145 1717 349 1776 Spiritus
369 1723 558 1761 sanctus
580 1731 720 1775 super
742 1732 830 1770 eos,
864 1717 987 1761 sicut
1008 1722 1054 1762 et
1075 1716 1126 1761 in
1150 1732 1236 1762 nos
1259 1718 1309 1761 in
1333 1717 1485 1762 initio.
1551 1719 1620 1762 16.
1654 1717 1948 1763 Recordatus
1968 1731 2091 1778 sum¹

145 1783 304 1823 autem
329 1776 456 1822 verbi
484 1777 693 1829 Domini,
716 1777 839 1822 sicut
860 1777 1066 1823 dicebat:
1099 1778 1310 1823 Joannes
1333 1777 1530 1837 quidem
1549 1777 1810 1837 baptizavit
1832 1793 1972 1839 aqua,
1994 1793 2080 1825 vos
2099 1782 2106 1823 ³1

145 1844 305 1883 autem
327 1837 692 1897 baptizabimini
715 1838 896 1897 Spiritu
920 1844 1095 1883 sancto.
1161 1841 1229 1884 17.
1268 1839 1317 1884 Si
1351 1854 1460 1897 ergo
1482 1838 1684 1884 eandem
1715 1839 1922 1898 gratiam
1946 1838 2106 1889 dedit?

145 1899 242 1944 illis
265 1899 404 1953 Deus,
435 1899 556 1944 sicut
578 1904 624 1943 et
646 1898 795 1954 nobiS,
828 1899 912 1958 qui
936 1899 1229 1944 credidimus
1251 1899 1301 1944 in
1327 1899 1593 1944 Dominum
1617 1899 1782 1945 Jesum
1805 1900 2077 1947 Christum:
2103 1932 2106 1935 -

147 1975 233 2019 ego
249 1959 356 2019 quis
373 1975 517 2014 eram,
539 1960 623 2019 qui
642 1975 823 2019 possem
841 1960 1116 2019 prohibere⁴
1149 1960 1336 2005 Deum?
1381 1962 1448 2005 18.
1483 1960 1576 2005 His
1593 1960 1783 2014 auditis,
1805 1966 2079 2007 tacuerunt:
2102 1960 2106 1976 ¹

147 2026 192 2064 et
213 2019 600 2080 glorificaverunt
624 2020 793 2074 Deum,
826 2021 1054 2066 dicentes:
1091 2021 1216 2080 Ergo
1244 2026 1289 2066 et
1320 2021 1555 2066 Gentibus
1578 2022 1923 2081 poenitentiam
1947 2020 2081 2068 dedit
2104 2080 2106 2082 Ι

150 2081 275 2126 Deus
297 2081 356 2126 ad
380 2081 544 2126 vitam.
610 2083 678 2126 19.
714 2081 772 2126 Et
806 2081 878 2126 illi
902 2082 1114 2141 quidem,
1149 2082 1232 2141 qui
1269 2082 1465 2142 dispersi
1494 2082 1684 2127 fuerant
1705 2097 1734 2127 a
1754 2082 2088 2139 tribulatione,

148 2157 270 2201 quae
302 2142 425 2187 facta
458 2142 611 2187 fuerat
644 2141 732 2187 sub
765 2142 1021 2201 Stephano,
1058 2142 1518 2202 perambulaverunt
1541 2158 1690 2203 usque
1713 2143 1998 2199 Phoenicen,
2034 2150 2082 2190 et

148 2203 373 2262 Cyprum,
411 2207 456 2247 et
493 2203 815 2258 Antiochiam,
852 2203 1037 2248 nemini
1073 2203 1320 2263 loquentes
1343 2204 1558 2258 verbum,
1596 2204 1689 2249 nisi
1726 2204 1838 2250 solis
1869 2204 2079 2251 Judaeis.

150 2263 218 2307 20.
274 2262 424 2307 Erant
457 2268 615 2308 autern
655 2264 853 2322 quidam
897 2280 956 2309 ex
1000 2265 1067 2309 eis
1109 2264 1200 2310 viri
1244 2265 1423 2324 Cyprii,
1465 2270 1512 2310 et
1553 2265 1798 2324 Cyrenaei,
1840 2265 1925 2325 qui
1968 2280 2079 2311 cum
2104 2318 2106 2323 .

151 2323 421 2368 introissent
472 2323 795 2380 Antiochiam,
816 2341 821 2346 ·
848 2324 1170 2384 loquebantur
1221 2330 1268 2370 et
1319 2326 1379 2371 ad
1434 2325 1673 2380 Graecos,⁵
1733 2325 2080 2372 annuntiantes

155 2383 413 2428 Dominum
452 2384 628 2429 Jesum.
692 2386 761 2430 21.
812 2386 873 2430 Et
914 2391 1015 2431 erat
1056 2401 1230 2431 manus
1274 2385 1498 2431 Domini⁶
1529 2402 1638 2432 cum
1681 2387 1766 2432 eis:
1801 2387 2085 2447 multusque·

151 2459 378 2488 numerus
400 2444 719 2490 credentium⁷
751 2461 1006 2492 conversus
1028 2452 1096 2492 est
1127 2447 1187 2492 ad
1223 2447 1501 2492 Dominum.
1565 2448 1636 2492 22.
1670 2447 1895 2493 Pervenit
1916 2453 2078 2493 autem

149 2519 302 2549 sermo
324 2505 384 2549 ad
407 2520 542 2550 aures
564 2506 794 2562 ecclesiae,
827 2523 950 2566 quae
972 2514 1071 2553 erat
1093 2508 1121 2553 J
1126 2508 1415 2568 erosolymis,
1446 2523 1588 2568 super
1614 2508 1733 2553 istis:
1767 2513 1812 2554 et
1846 2508 2081 2554 miserunt

157 2565 423 2610 Barnabam
446 2581 594 2625 usquc
617 2567 675 2611 ad
702 2567 1051 2613 Antiochiain.⁸
1113 2570 1182 2614 23.
1216 2569 1310 2623 Qui
1337 2584 1447 2614 cum
1471 2569 1774 2628 pervenisset,
1806 2574 1852 2614 et
1882 2569 2081 2615 vidisset

150 2626 355 2683 gratiam
399 2626 499 2681 Dei,
541 2628 732 2684 gavisus
775 2634 861 2673 est:
925 2633 971 2674 et
1012 2629 1296 2675 hortabatur
1336 2644 1500 2675 omnes
1543 2629 1591 2675 in
1638 2630 1876 2689 proposito
1924 2629 2079 2675 cordis

150 2698 425 2744 permanere
447 2686 497 2731 in
523 2687 748 2733 Domino:
799 2690 867 2733 24.
900 2690 1017 2748 quia
1039 2696 1139 2735 erat
1161 2690 1236 2735 vir
1258 2690 1425 2746 bonus,
1447 2695 1493 2735 et
1514 2690 1685 2750 plenus
1702 2690 1884 2750 Spiritu
1902 2696 2078 2747 sancto,

150 2750 196 2791 et
217 2746 320 2791 fide.
385 2746 446 2791 Et
482 2749 693 2806 apposita
728 2755 795 2794 est
833 2750 987 2795 multa
1008 2751 1149 2796 turba
1174 2751 1393 2796 Domino.
1458 2752 1528 2797 25.
1563 2750 1804 2797 Profectus
1826 2756 1894 2797 est
1915 2756 2077 2797 autem

150 2806 393 2852 Barnabas
414 2807 630 2862 Tarsum,
653 2814 707 2853 ut
729 2816 973 2868 quaereret
994 2811 1216 2856 Saulum:
1251 2827 1392 2871 quem
1419 2827 1528 2857 cum
1553 2811 1824 2866 invenisset,
1851 2811 2079 2871 perduxit

149 2866 471 2912 Antiochiam.
537 2869 604 2913 26.
639 2869 700 2913 Et
721 2885 902 2915 annum
929 2877 1082 2917 totum
1117 2872 1381 2918 conversati
1414 2871 1552 2917 sunt⁰
1583 2872 1650 2918 ibi
1683 2873 1734 2917 in
1770 2872 2000 2919 Ecclesia:
2032 2878 2079 2918 et

150 2927 413 2972 docuerunt
430 2928 619 2972 turbam
639 2930 857 2986 multam,
879 2932 942 2976 ita
964 2938 1017 2977 ut
1033 2934 1491 2992 cognominarentur
1507 2933 1718 2992 primum
1732 2932 1762 2956 ¹⁰
1792 2933 2077 2978 Antiochiae

151 2988 389 3047 discipuli,
426 2988 699 3035 Christiani.
763 2991 832 3036 27.
872 2992 929 3036 In
968 2993 1043 3038 his
1080 3000 1239 3039 autem
1279 2994 1446 3039 diebus
1468 2999 1847 3053 supervenerunt
1867 2993 1927 3039 ab
1949 2994 2078 3040 Jero-

149 3047 344 3108 solymis
412 3048 671 3107 rophetae¹¹
705 3050 1031 3098 Antiochiam:
1098 3055 1166 3099 28.
1206 3059 1251 3100 ct
1288 3070 1486 3114 surgens
1523 3069 1649 3100 unus
1683 3069 1742 3101 ex
1780 3054 1847 3101 eis
1880 3054 2079 3102 nomine

148 3108 378 3214 Agabus,¹
427 3109 727 3168 significabat
748 3126 831 3169 per
846 3113 1066 3170 spiritum
1092 3115 1267 3160 samem
1292 3130 1519 3174 magnam
1543 3116 1755 3161 futuram
1778 3115 1829 3161 in
1852 3114 2078 3161 universo

147 3183 201 3214 or
234 3184 259 3214 e
279 3174 528 3225 terrarum,
561 3185 683 3229 quae
705 3171 827 3217 facta
849 3178 916 3217 est
936 3174 1024 3219 sub
1047 3175 1260 3220 Claudio.
1273 3175 1302 3199 ¹³
1365 3177 1434 3222 29.
1469 3175 1703 3234 Discipuli
1729 3180 1902 3230 autem,
1935 3180 2079 3235 prout

148 3230 256 3289 quis
277 3229 495 3285 habebat,
528 3237 875 3289 proposuerunt
896 3234 1075 3292 singuli
1106 3236 1155 3280 in
1190 3236 1510 3282 ministerium
1535 3236 1723 3282 mittere
1744 3235 2078 3282 habitantibus

147 3291 199 3335 in
222 3290 406 3336 Judaea
427 3290 671 3335 iratribus:
736 3292 805 3336 30.
839 3294 965 3352 quod
1005 3300 1050 3340 et
1084 3297 1308 3353 fecerunt,
1343 3297 1584 3344 mittentes
1622 3296 1682 3343 ad
1717 3294 1961 3344 00010100ι4
1991 3310 2077 3358 per

147 3365 320 3397 manus
343 3350 603 3406 Barnabae,
625 3356 671 3398 et
691 3351 838 3399 Sauli.
