2106 3554
2088 74 2106 125 ³!

138 163 217 205 834
2087 128 2106 198 ἶ]

138 298 195 343 ad
217 297 373 342 Deum
411 294 526 354 quia
563 297 642 348 est,
679 296 724 337 et
761 289 1120 350 inquirentibus
1153 303 1201 334 se
1238 293 1570 335 remunerator
1602 290 1676 337 sit.
1739 291 1781 339 7.
1813 291 1935 339 Fide
1961 284 2066 345 Noe
2099 308 2106 364 Ι·

138 371 353 416 responso
390 359 577 414 accepto
614 353 671 398 de
708 353 779 407 iis,
817 366 940 411 quae
976 350 1136 395 adhuc
1163 364 1261 394 non
1295 349 1601 407 videbantur,
1638 356 1857 399 metuens
1876 353 2065 414 aptavit
2100 372 2106 404 ε

135 433 291 463 arcam
314 417 362 461 in
387 415 587 461 salutem
607 414 776 459 demus
793 427 918 465 suae,
941 427 1023 468 per
1041 426 1187 470 quam
1207 410 1463 457 damnavit
1479 411 1743 459 mundum:
1776 418 1823 460 et
1832 413 2065 474 justitiae,
2100 437 2106 463 ι,

136 493 255 538 quae
276 493 359 536 per
379 476 522 521 fidem
545 480 625 529 est,
656 474 788 519 heres
811 478 879 518 est
902 470 1205 517 institutus¹³
1266 473 1307 517 8.
1341 472 1460 518 Fide
1482 473 1568 532 qui
1590 479 1791 520 vocat-ur
1810 474 2062 521 Abraham
2102 465 2106 505 ¹

136 539 343 584 obedivit
364 538 412 582 in
439 537 595 582 locum
619 535 761 588 exire,
796 549 940 593 quem
976 538 1256 591 accepturus
1278 538 1379 578 erat
1400 533 1453 578 in
1475 533 1813 581 hereditatem:
1845 541 1893 582 et
1928 537 2062 592 exiit,
2102 547 2106 596 ,ξ

135 599 344 644 nesciens
386 613 480 658 quo
522 597 622 641 iret.
686 596 726 640 9.
781 595 898 639 Fide
942 594 1214 639 demoratus
1257 599 1324 639 est
1374 594 1427 640 in
1479 595 1627 641 Terra
1669 596 2065 657 repromissionis,
2103 607 2106 621 ⁴

134 670 379 718 tamquam
402 659 452 703 in
476 657 646 710 aliena,
668 656 719 700 in
743 654 955 700 casulis¹⁴
987 654 1253 700 habitando
1275 670 1385 700 cum
1410 655 1556 711 Isaac,
1587 662 1634 702 et
1653 656 1803 703 Jacob
1823 657 2064 704 coheredi·
2086 687 2087 697 i

134 722 221 766 bus
254 718 630 779 repromissionis
664 716 886 775 ejusdem.
952 717 1021 761 10.
1057 715 1354 775 Expectabat
1388 718 1519 762 enim
1543 717 1862 764 fundamenta
1883 718 2064 766 haben-

137 779 270 826 tem¹⁵
299 780 560 826 civitatem:
595 779 728 837 cujus
757 777 941 832 artifex,
976 783 1021 822 et
1056 777 1274 822 conditor
1297 777 1437 823 Deus.
1503 779 1572 824 11.
1607 779 1728 824 Fide
1749 784 1797 825 et
1817 779 1922 839 ipsa
1942 779 2060 826 Sara

136 841 305 887 sterilis
327 841 549 886 virtutem
583 839 632 885 in
669 838 1025 897 conceptionem
1049 838 1247 883 seminis
1268 839 1463 899 accepit,
1501 839 1646 885 etiam
1669 845 1858 900 praeter
1876 846 2067 902 tompus

135 902 317 948 aetatis:
371 901 598 961 quoniam
643 899 830 946 fidelem
874 899 1074 944 credidit
1126 915 1223 944 esse
1265 915 1391 955 eum,
1444 901 1528 960 qui
1583 901 1930 961 repromiserat.
1994 900 2064 959 12

137 964 329 1022 Propter
351 962 477 1022 quod
513 967 557 1006 et
586 961 645 1006 ab
669 976 765 1005 uno
787 961 876 1005 orti
900 966 1012 1006 sunt
1035 962 1098 1015 (et
1121 959 1210 1005 hoe
1233 960 1467 1018 emortuo)
1490 967 1742 1022 tamquam
1765 962 1924 1009 sidera
1944 961 2064 1009 caefi

137 1026 185 1068 in
203 1021 619 1077 multitudinem,¹⁶
650 1027 694 1067 et
716 1022 838 1066 sicut
855 1037 1011 1075 arena,
1035 1036 1158 1080 quae
1175 1027 1243 1067 est
1259 1022 1320 1067 ad
1344 1037 1477 1067 oram
1496 1023 1657 1079 maris,
1678 1023 2065 1070 innumerabilis.

138 1085 205 1129 13.
237 1084 386 1130 Juxta
406 1083 547 1129 fidem
574 1082 782 1128 defuncti
807 1089 919 1127 sunt
941 1098 1106 1127 omnes
1128 1083 1220 1136 isti,
1255 1098 1352 1128 non
1377 1084 1581 1144 acceptis
1603 1084 2065 1144 repromissionibus,

136 1145 214 1192 sed
237 1160 264 1191 a
287 1145 425 1204 longe
447 1160 522 1192 eas
544 1144 835 1203 aspicientes,
858 1148 903 1188 et
925 1143 1198 1199 salutantes
1236 1150 1282 1189 et
1304 1144 1581 1191 confitentes
1603 1145 1721 1206 quia
1742 1161 1853 1216 pere
1887 1145 1998 1202 rini,
2019 1151 2065 1197 et

137 1206 340 1265 hospites
373 1211 485 1250 sunt
517 1220 658 1265 super
691 1210 878 1251 terram.
945 1206 1013 1249 14.
1047 1205 1141 1259 Qui
1178 1205 1309 1250 enim
1346 1205 1463 1251 haec
1497 1206 1680 1262 dicunt,
1716 1207 1844 1267 signi
1881 1212 2063 1254 cantse

137 1267 339 1326 patriam
381 1266 634 1326 inquirere.
699 1267 766 1312 15.
821 1265 882 1310 Et
923 1266 959 1310 si
1006 1266 1204 1325 quidem
1248 1266 1399 1326 ipsius
1442 1266 1815 1314 meminissent¹²
1865 1267 1926 1314 de
1966 1283 2066 1330 qua

136 1328 366 1382 exierunt,
388 1327 627 1373 habebant
648 1327 814 1386 utique
837 1333 1025 1386 tempus
1043 1319 1355 1373 revertendiz‘
1384 1329 1452 1373 16.
1485 1343 1618 1374 nunc
1634 1333 1796 1375 autem
1815 1328 2063 1376 meliorem

138 1393 379 1448 appetunt,
412 1388 462 1434 id
497 1393 575 1444 est,
610 1387 867 1434 caelestem.
932 1388 1045 1435 Ideo
1081 1403 1179 1433 non
1210 1389 1525 1436 confunditur
1548 1389 1677 1435 Deus
1689 1388 1717 1414 ¹⁸
1747 1390 1907 1437 vocari
1933 1390 2063 1437 Deus

139 1464 320 1494 eorum:
354 1449 540 1507 paravit
573 1449 701 1494 enirn
738 1449 833 1493 illis
855 1448 1112 1495 civitatem.
1179 1451 1248 1496 17.
1284 1449 1403 1497 Fide
1437 1450 1614 1497 obtulit
1636 1450 1887 1498 Abraham
1910 1451 2059 1508 Isaac,

139 1525 247 1555 cum
269 1515 541 1565 tentaretur,
576 1515 620 1555 et
653 1510 958 1569 unigenitum
982 1510 1221 1566 offerebat,
1257 1511 1341 1571 qui
1365 1517 1634 1572 susceperat
1654 1512 2063 1573 repromissiones;

143 1572 209 1616 18.
261 1569 322 1615 ad
359 1585 500 1631 quem
539 1571 719 1616 dictum
759 1577 843 1616 est:
894 1571 1016 1626 Quia
1061 1571 1111 1618 in
1158 1571 1291 1618 Isaac
1335 1572 1585 1619 vocabitur
1621 1572 1710 1619 tibi
1744 1588 1928 1620 semen:
1992 1573 2064 1620 19.

140 1631 374 1678 arbitrans
396 1633 510 1691 quia
543 1637 588 1677 et
621 1647 649 1677 a
683 1632 883 1677 mortuis
911 1633 1137 1680 suscitare
1171 1639 1338 1693 potens
1375 1639 1444 1679 est
1478 1633 1625 1681 Deus:
1659 1634 1790 1681 unde
1810 1649 1922 1681 eum
1944 1639 1991 1682 et
2010 1635 2063 1681 in

139 1691 411 1752 parabolam
426 1690 454 1716 ¹⁹
483 1693 671 1752 accepit.
736 1694 805 1740 20.
840 1693 956 1738 Fide
991 1699 1035 1738 et
1070 1694 1128 1739 de
1162 1693 1377 1740 futuris⁹⁰
1406 1693 1658 1743 benedixit
1680 1695 1814 1742 Isaac
1834 1695 1997 1753 Jacob,
2019 1702 2066 1743 et

143 1753 278 1798 Esau.
342 1754 409 1799 21.
444 1753 560 1800 Fide
593 1753 753 1807 Jacob,
788 1754 1043 1809 moriens‚²¹
1078 1755 1294 1811 singulos
1328 1755 1541 1802 filiorum
1576 1756 1754 1842 JoseXh
1789 1756 2060 1804 benedixit:

140 1819 184 1859 et
221 1814 438 1860 adoravit
474 1814 758 1873 fastigiu1n²²
806 1816 966 1874 virgae
1009 1817 1119 1875 ejus.
1185 1818 1255 1863 22.
1311 1817 1429 1863 Fide
1471 1817 1663 1877 Joseph,
1749 1818 1972 1874 moriens,
2005 1817 2065 1865 de

140 1875 422 1934 profectione
456 1875 663 1923 filiorum
701 1876 844 1921 Israel
881 1883 1171 1923 memoratus
1197 1884 1278 1932 est,
1313 1883 1359 1924 et
1392 1878 1450 1925 de
1472 1878 1656 1925 ossibus
1676 1879 1776 1926 suis
1797 1879 2064 1927 mandavit.

141 1935 208 1980 23.
244 1935 359 1982 Fide
382 1935 577 1995 Moyses,
600 1942 752 1993 natus,
785 1937 1046 1984 occultatus
1069 1944 1136 1984 est
1159 1939 1404 1986 mensibus
1426 1939 1580 1987 tribus
1601 1955 1630 1986 a
1652 1939 1932 2000 parentibus
1951 1939 2064 1995 suis,

140 2011 192 2040 eo
218 1996 344 2055 quod
369 1997 597 2043 vidissent
618 1998 880 2058 elegantem
906 1999 1154 2055 infantem,
1190 2006 1235 2046 et
1268 2015 1365 2045 non
1401 2001 1671 2047 timuerunt
1693 2001 1818 2062 regis
1838 2001 2064 2048 edictum.

142 2057 210 2103 24.
244 2056 360 2102 Fide
395 2057 577 2117 Moyses
597 2060 792 2118 grandis
814 2061 963 2105 sactus
986 2061 1182 2120 negavit
1215 2077 1262 2107 se
1297 2077 1393 2107 esse
1427 2061 1583 2108 filium
1621 2062 1749 2109 filiae
1785 2062 2064 2120 Pharaonis,

142 2118 211 2163 25.
254 2118 405 2176 magis
441 2119 618 2178 eligens
654 2121 801 2179 affligi
841 2136 948 2166 cuin
989 2122 1165 2182 populo
1205 2122 1306 2178 Dei,
1344 2139 1490 2183 quam
1530 2123 1808 2184 temporalis
1844 2122 2065 2184 peccati²⁴

144 2177 314 2225 habere
329 2179 692 2237 jucunditatem,
741 2182 809 2228 26.
842 2182 1042 2239 majores
1066 2184 1261 2229 divitias
1283 2184 1542 2230 aestimans
1561 2184 1785 2231 thesauro
1807 2184 2064 2256 Aegyptio·

144 2253 264 2293 rum,
315 2239 655 2300 improperium
709 2242 952 2288 Christiz²⁵
1012 2245 1270 2303 aspiciebat
1323 2245 1453 2291 enim
1507 2246 1559 2291 in
1613 2252 2063 2293 remunerationem.

145 2300 213 2345 27.
247 2299 363 2345 Fide
380 2301 572 2361 reliquit
590 2304 875 2362 Aegyptum,
899 2320 994 2350 non
1019 2308 1198 2351 veritus
1215 2306 1570 2352 animositatem
1589 2307 1732 2366 regis:
1765 2305 2063 2354 invisibilem

143 2359 271 2404 enim
294 2366 538 2422 tamquam
562 2364 729 2409 videns
750 2365 988 2411 sustinuit.
1053 2368 1122 2412 28.
1158 2367 1277 2412 Fide
1299 2366 1557 2414 celebravit
1579 2367 1768 2428 pascha,
1802 2374 1850 2414 et
1869 2383 1955 2414 san
1991 2367 2063 2414 ui-

145 2420 218 2465 nis
251 2421 546 2468 effusionem:
593 2439 650 2469 ne
727 2425 775 2470 ui
819 2427 1034 2472 vastabat
1076 2427 1379 2487 primitiva,”
1416 2434 1631 2488 tangeret
1667 2443 1756 2491 eos.
1819 2430 1890 2476 29.
1985 2428 2064 2476 ido

145 2482 469 2527 transieru11t²²
502 2484 630 2530 Mare
653 2501 707 2530 ru
746 2502 849 2531 rum
874 2493 1121 2546 tamquam
1159 2505 1243 2548 per
1276 2490 1463 2535 aridam
1494 2495 1694 2537 terram:
1725 2489 1855 2551 quod
1877 2490 2061 2550 experti

144 2543 381 2601 Aegyptii,
415 2543 622 2592 devorati
657 2552 779 2591 sunt.
844 2549 912 2592 30.
948 2549 1063 2594 Fide
1100 2551 1226 2596 muri
1263 2550 1496 2596 Jerich0²⁸
1527 2555 1822 2607 corruerunt,
1855 2550 2060 2598 circuitu

142 2601 327 2648 dierum
362 2611 551 2663 septem.
615 2607 683 2651 31.
718 2607 834 2653 Fide
869 2609 1039 2655 Itahab
1075 2612 1301 2658 meretrix
1337 2627 1433 2657 non
1470 2612 1612 2671 periit
1645 2627 1756 2658 cum
1789 2611 2063 2667 incredulis,

141 2663 380 2723 excipiens
413 2665 726 2724 exploratores
762 2684 868 2714 cum
906 2685 1029 2729 pace.
1095 2673 1163 2719 32.
1199 2673 1260 2718 Et
1294 2673 1413 2732 quid
1449 2672 1610 2718 adhuc
1643 2672 1833 2720 dicam?
1866 2672 2066 2720 Deficiet

141 2724 269 2769 enim
293 2739 368 2771 me
390 2731 574 2785 tempus
597 2735 892 2774 enarrantem
919 2731 975 2775 (le
998 2732 1205 2788 cheon,
1243 2733 1407 2788 Barac,
1441 2733 1656 2789 Samson,
1677 2733 1865 2794 Jephte,
1888 2733 2063 2790 David,

139 2784 344 2839 Samuel,
379 2791 423 2830 et
458 2786 723 2846 Prophetis:
787 2792 855 2835 33.
890 2793 973 2851 qui
997 2808 1078 2851 per
1102 2794 1245 2839 fldem
1270 2794 1533 2841 viceruntffl
1562 2810 1722 2854 regna,
1744 2795 1925 2855 operati
1947 2802 2063 2841 sunt

132 2845 423 2901 justitiam‚³⁰
483 2847 639 2907 adepti
691 2856 802 2895 sunt
855 2854 1251 2911 repromissiones,
1313 2855 1663 2902 obturaverunt
1714 2870 1799 2902 ora
1850 2854 2063 2911 leonum,

138 2906 208 2951 2³4.
241 2906 552 2954 extinxerunt
569 2909 798 2968 impetum
819 2912 993 2970 ignis,³¹
1017 2916 1289 2974 effugerunt
1305 2917 1456 2962 aciem
1474 2915 1680 2976 gladii,aa
1711 2916 2064 2963 convaluerunt

137 2966 195 3011 de
218 2966 548 3022 infirmitate,³²
579 2970 716 3015 fortes
749 2972 858 3017 facti
893 2974 1049 3021 sunt³⁴
1081 2976 1131 3021 in
1167 2976 1306 3028 belle.
1341 2982 1494 3023 eastra
1523 2982 1746 3024 veterunt
1766 2982 2059 3026 exterorum:

137 3027 208 3071 1³5.
260 3035 539 3087 acceperunt
583 3030 841 3076 mulieres&
884 3034 940 3079 de
983 3039 1322 3083 resurrectione
1358 3043 1568 3084 mortuos
1602 3053 1731 3084 suos:
1775 3037 1859 3084 alii
1897 3043 2059 3085 autem

137 3087 326 3134 distenti
351 3088 503 3134 sunt³⁶
534 3105 630 3136 non
664 3093 968 3152 suscipientes
1000 3097 1392 3158 redemptionem,
1426 3104 1480 3144 ut
1514 3098 1759 3146 meliorem
1784 3098 2062 3147 invenirent

139 3149 535 3196 resurrectionem.
598 3151 666 3196 36.
702 3152 798 3198 Alii
825 3156 1220 3215 veroludib1·ia,³⁷
1252 3165 1297 3206 et
1330 3159 1529 3206 verbera
1563 3159 1762 3219 experti,
1796 3159 1994 3220 insuper
2013 3164 2061 3206 et

136 3209 344 3265 vincula,
378 3215 423 3255 et
457 3226 679 3259 carceres:
745 3215 813 3261 37.
846 3215 1045 3274 lapidati
1067 3225 1193 3275 sunt,
1226 3221 1340 3266 secti
1361 3226 1489 3277 sunt,
1524 3221 1694 3267 tentati
1717 3224 1845 3277 sunt,
1866 3220 1919 3267 in
1941 3220 2060 3268 oeci·
2099 3247 2102 3252 ·

134 3269 266 3315 sione
298 3270 447 3329 gladii
483 3273 659 3319 mortui
694 3280 818 3329 sunt,
852 3277 1140 3326 circuierunt
1175 3281 1225 3326 in
1262 3281 1464 3336 melotis,
1506 3282 1558 3328 in
1593 3281 1800 3342 pellibus
1833 3280 2058 3342 caprinis,

135 3336 334 3390 agentes
367 3333 640 3392 angustiati,
674 3333 856 3383 afflicti:
921 3338 989 3383 38.
1035 3340 1211 3402 quibus
1245 3342 1422 3403 dignus
1456 3357 1555 3390 non
1589 3347 1692 3390 erat
1724 3341 1959 3391 mundus:
2002 3341 2059 3390 in
