<?xml version="1.0" encoding="UTF-8"?>
<!DOCTYPE html PUBLIC "-//W3C//DTD XHTML 1.0 Transitional//EN"
    "http://www.w3.org/TR/xhtml1/DTD/xhtml1-transitional.dtd">
<html xmlns="http://www.w3.org/1999/xhtml" xml:lang="en" lang="en">
 <head>
  <title>
</title>
<meta http-equiv="Content-Type" content="text/html;charset=utf-8" />
  <meta name='ocr-system' content='tesseract 3.04.00' />
  <meta name='ocr-capabilities' content='ocr_page ocr_carea ocr_par ocr_line ocrx_word'/>
</head>
<body>
  <div class='ocr_page' id='page_1' title='image "./dieheiligeschrif00lech/dieheiligeschrif00lech_0376.png"; bbox 0 0 2106 3554; ppageno 0'>
   <div class='ocr_carea' id='block_1_1' title="bbox 161 162 242 205">
    <p class='ocr_par' dir='ltr' id='par_1_1' title="bbox 161 162 242 205">
     <span class='ocr_line' id='line_1_1' title="bbox 161 162 242 205; baseline -0.012 0"><span class='ocrx_word' id='word_1_1' title='bbox 161 162 242 205; x_wconf 84' lang='lat'>368</span> 
     </span>
    </p>
   </div>
   <div class='ocr_carea' id='block_1_2' title="bbox 2042 242 2106 434">
    <p class='ocr_par' dir='ltr' id='par_1_2' title="bbox 2042 242 2106 434">
     <span class='ocr_line' id='line_1_2' title="bbox 2042 242 2106 434; baseline 0 -128"><span class='ocrx_word' id='word_1_2' title='bbox 2042 242 2106 434; x_wconf 95' lang='lat' dir='ltr'>   </span> 
     </span>
    </p>
   </div>
   <div class='ocr_carea' id='block_1_3' title="bbox 152 280 2106 3392">
    <p class='ocr_par' dir='ltr' id='par_1_3' title="bbox 152 280 2106 3392">
     <span class='ocr_line' id='line_1_3' title="bbox 159 280 2042 356; baseline -0.007 -15"><span class='ocrx_word' id='word_1_3' title='bbox 159 299 407 356; x_wconf 82' lang='lat' dir='ltr'><strong>postquam</strong></span> <span class='ocrx_word' id='word_1_4' title='bbox 450 289 683 346; x_wconf 86' lang='lat' dir='ltr'>occiderit,</span> <span class='ocrx_word' id='word_1_5' title='bbox 725 287 870 334; x_wconf 87' lang='lat' dir='ltr'>habet</span> <span class='ocrx_word' id='word_1_6' title='bbox 910 290 1186 348; x_wconf 85' lang='lat' dir='ltr'>potestatem</span> <span class='ocrx_word' id='word_1_7' title='bbox 1227 284 1416 329; x_wconf 88' lang='lat' dir='ltr'>mittere</span> <span class='ocrx_word' id='word_1_8' title='bbox 1452 283 1505 328; x_wconf 91' lang='lat' dir='ltr'>in</span> <span class='ocrx_word' id='word_1_9' title='bbox 1543 282 1844 343; x_wconf 86' lang='lat' dir='ltr'>gehennam;</span> <span class='ocrx_word' id='word_1_10' title='bbox 1880 281 1951 329; x_wconf 78' lang='lat' dir='ltr'>ita</span> <span class='ocrx_word' id='word_1_11' title='bbox 1985 280 2042 328; x_wconf 73' lang='lat' dir='ltr'>di‘</span> 
     </span>
     <span class='ocr_line' id='line_1_4' title="bbox 160 342 2075 414; baseline -0.006 -13"><span class='ocrx_word' id='word_1_12' title='bbox 160 356 307 411; x_wconf 87' lang='lat' dir='ltr'>vobis,</span> <span class='ocrx_word' id='word_1_13' title='bbox 341 355 470 399; x_wconf 90' lang='lat' dir='ltr'>hunc</span> <span class='ocrx_word' id='word_1_14' title='bbox 502 353 676 397; x_wconf 90' lang='lat' dir='ltr'>timete.</span> <span class='ocrx_word' id='word_1_15' title='bbox 740 351 779 395; x_wconf 87' lang='lat'>6.</span> <span class='ocrx_word' id='word_1_16' title='bbox 814 349 984 394; x_wconf 81' lang='lat' dir='ltr'>Nonne</span> <span class='ocrx_word' id='word_1_17' title='bbox 1021 347 1238 407; x_wconf 89' lang='lat' dir='ltr'>quinque</span> <span class='ocrx_word' id='word_1_18' title='bbox 1259 360 1467 405; x_wconf 83' lang='lat' dir='ltr'>passeres</span> <span class='ocrx_word' id='word_1_19' title='bbox 1488 347 1732 390; x_wconf 80' lang='lat' dir='ltr'>vaeneunt</span> <span class='ocrx_word' id='word_1_20' title='bbox 1769 342 2016 414; x_wconf 82' lang='lat' dir='ltr'>dipondio,</span> <span class='ocrx_word' id='word_1_21' title='bbox 2048 358 2075 390; x_wconf 87' lang='lat' dir='ltr'>e</span> 
     </span>
     <span class='ocr_line' id='line_1_5' title="bbox 159 403 2069 465; baseline -0.006 -4"><span class='ocrx_word' id='word_1_22' title='bbox 159 430 284 461; x_wconf 89' lang='lat' dir='ltr'>unus</span> <span class='ocrx_word' id='word_1_23' title='bbox 321 430 377 460; x_wconf 89' lang='lat' dir='ltr'>ex</span> <span class='ocrx_word' id='word_1_24' title='bbox 416 414 512 458; x_wconf 88' lang='lat' dir='ltr'>illis</span> <span class='ocrx_word' id='word_1_25' title='bbox 546 428 641 457; x_wconf 90' lang='lat' dir='ltr'>non</span> <span class='ocrx_word' id='word_1_26' title='bbox 660 415 728 456; x_wconf 87' lang='lat' dir='ltr'>est</span> <span class='ocrx_word' id='word_1_27' title='bbox 749 411 798 455; x_wconf 90' lang='lat' dir='ltr'>in</span> <span class='ocrx_word' id='word_1_28' title='bbox 823 409 1065 455; x_wconf 89' lang='lat' dir='ltr'>oblivione</span> <span class='ocrx_word' id='word_1_29' title='bbox 1088 422 1246 452; x_wconf 88' lang='lat' dir='ltr'>coram</span> <span class='ocrx_word' id='word_1_30' title='bbox 1285 406 1414 451; x_wconf 87' lang='lat' dir='ltr'>Deo?</span> <span class='ocrx_word' id='word_1_31' title='bbox 1479 406 1518 452; x_wconf 88' lang='lat'>7.</span> <span class='ocrx_word' id='word_1_32' title='bbox 1551 405 1644 450; x_wconf 89' lang='lat' dir='ltr'>Sed</span> <span class='ocrx_word' id='word_1_33' title='bbox 1667 410 1714 450; x_wconf 84' lang='lat' dir='ltr'>et</span> <span class='ocrx_word' id='word_1_34' title='bbox 1735 403 1900 465; x_wconf 79' lang='lat' dir='ltr'>capilli</span> <span class='ocrx_word' id='word_1_35' title='bbox 1923 419 1978 451; x_wconf 80' lang='lat' dir='ltr'>ca</span> <span class='ocrx_word' id='word_1_36' title='bbox 2013 404 2069 450; x_wconf 82' lang='lat' dir='ltr'>it·</span> 
     </span>
     <span class='ocr_line' id='line_1_6' title="bbox 158 465 2106 527; baseline -0.006 -4"><span class='ocrx_word' id='word_1_37' title='bbox 158 476 300 523; x_wconf 88' lang='lat' dir='ltr'>vestri</span> <span class='ocrx_word' id='word_1_38' title='bbox 318 490 479 520; x_wconf 89' lang='lat' dir='ltr'>omnes</span> <span class='ocrx_word' id='word_1_39' title='bbox 502 472 740 518; x_wconf 87' lang='lat' dir='ltr'>numerati</span> <span class='ocrx_word' id='word_1_40' title='bbox 763 476 887 515; x_wconf 85' lang='lat' dir='ltr'>sunt.</span> <span class='ocrx_word' id='word_1_41' title='bbox 935 469 1092 514; x_wconf 80' lang='lat' dir='ltr'>Nolite</span> <span class='ocrx_word' id='word_1_42' title='bbox 1107 483 1217 527; x_wconf 90' lang='lat' dir='ltr'>ergo</span> <span class='ocrx_word' id='word_1_43' title='bbox 1239 467 1428 512; x_wconf 88' lang='lat' dir='ltr'>timere:</span> <span class='ocrx_word' id='word_1_44' title='bbox 1461 466 1630 511; x_wconf 75' lang='lat' dir='ltr'>multis</span> <span class='ocrx_word' id='word_1_45' title='bbox 1647 465 1919 526; x_wconf 76' lang='lat' dir='ltr'>passeribus</span> <span class='ocrx_word' id='word_1_46' title='bbox 1940 481 1972 526; x_wconf 92' lang='lat' dir='ltr'>p</span> <span class='ocrx_word' id='word_1_47' title='bbox 1994 466 2106 520; x_wconf 68' lang='lat' dir='ltr'>uris,</span> 
     </span>
     <span class='ocr_line' id='line_1_7' title="bbox 157 526 2106 587; baseline -0.005 -5"><span class='ocrx_word' id='word_1_48' title='bbox 157 537 266 583; x_wconf 89' lang='lat' dir='ltr'>estis</span> <span class='ocrx_word' id='word_1_49' title='bbox 299 550 393 581; x_wconf 92' lang='lat' dir='ltr'>vos.</span> <span class='ocrx_word' id='word_1_50' title='bbox 455 536 495 579; x_wconf 82' lang='lat'>8.</span> <span class='ocrx_word' id='word_1_51' title='bbox 531 533 647 578; x_wconf 86' lang='lat' dir='ltr'>Dico</span> <span class='ocrx_word' id='word_1_52' title='bbox 667 538 827 577; x_wconf 88' lang='lat' dir='ltr'>autem</span> <span class='ocrx_word' id='word_1_53' title='bbox 866 530 1021 576; x_wconf 85' lang='lat' dir='ltr'>vobis:</span> <span class='ocrx_word' id='word_1_54' title='bbox 1057 529 1240 583; x_wconf 89' lang='lat' dir='ltr'>Omnis,</span> <span class='ocrx_word' id='word_1_55' title='bbox 1263 528 1560 587; x_wconf 80' lang='lat' dir='ltr'>quicumque</span> <span class='ocrx_word' id='word_1_56' title='bbox 1582 527 1821 572; x_wconf 83' lang='lat' dir='ltr'>confessus</span> <span class='ocrx_word' id='word_1_57' title='bbox 1851 526 1996 572; x_wconf 88' lang='lat' dir='ltr'>fuerit</span> <span class='ocrx_word' id='word_1_58' title='bbox 2017 534 2106 573; x_wconf 50' lang='lat' dir='ltr'>me*⁴</span> 
     </span>
     <span class='ocr_line' id='line_1_8' title="bbox 153 586 2106 648; baseline -0.005 -6"><span class='ocrx_word' id='word_1_59' title='bbox 153 611 311 643; x_wconf 88' lang='lat' dir='ltr'>coram</span> <span class='ocrx_word' id='word_1_60' title='bbox 347 594 637 648; x_wconf 88' lang='lat' dir='ltr'>hominibus,</span> <span class='ocrx_word' id='word_1_61' title='bbox 675 598 720 638; x_wconf 88' lang='lat' dir='ltr'>et</span> <span class='ocrx_word' id='word_1_62' title='bbox 751 592 886 637; x_wconf 85' lang='lat' dir='ltr'>Flius</span> <span class='ocrx_word' id='word_1_63' title='bbox 918 590 1131 635; x_wconf 88' lang='lat' dir='ltr'>hominis</span> <span class='ocrx_word' id='word_1_64' title='bbox 1170 589 1474 635; x_wconf 87' lang='lat' dir='ltr'>confitebitur</span> <span class='ocrx_word' id='word_1_65' title='bbox 1512 587 1657 632; x_wconf 90' lang='lat' dir='ltr'>illum</span> <span class='ocrx_word' id='word_1_66' title='bbox 1693 602 1853 633; x_wconf 86' lang='lat' dir='ltr'>coram</span> <span class='ocrx_word' id='word_1_67' title='bbox 1894 586 2106 647; x_wconf 65' lang='lat' dir='ltr'>Angelis?</span> 
     </span>
     <span class='ocr_line' id='line_1_9' title="bbox 157 648 2106 714; baseline -0.006 -12"><span class='ocrx_word' id='word_1_68' title='bbox 157 657 266 703; x_wconf 90' lang='lat' dir='ltr'>Dei:</span> <span class='ocrx_word' id='word_1_69' title='bbox 329 658 370 700; x_wconf 85' lang='lat'>9.</span> <span class='ocrx_word' id='word_1_70' title='bbox 403 656 486 714; x_wconf 88' lang='lat' dir='ltr'>qui</span> <span class='ocrx_word' id='word_1_71' title='bbox 522 660 681 700; x_wconf 86' lang='lat' dir='ltr'>autem</span> <span class='ocrx_word' id='word_1_72' title='bbox 717 652 963 711; x_wconf 78' lang='lat' dir='ltr'>negaverit</span> <span class='ocrx_word' id='word_1_73' title='bbox 997 666 1073 695; x_wconf 88' lang='lat' dir='ltr'>me</span> <span class='ocrx_word' id='word_1_74' title='bbox 1107 666 1265 696; x_wconf 87' lang='lat' dir='ltr'>coram</span> <span class='ocrx_word' id='word_1_75' title='bbox 1305 649 1601 705; x_wconf 83' lang='lat' dir='ltr'>hominibuS,</span> <span class='ocrx_word' id='word_1_76' title='bbox 1638 664 1699 694; x_wconf 91' lang='lat' dir='ltr'>ne</span> <span class='ocrx_word' id='word_1_77' title='bbox 1733 648 1898 694; x_wconf 85' lang='lat' dir='ltr'>abitur</span> <span class='ocrx_word' id='word_1_78' title='bbox 1932 663 2106 695; x_wconf 87' lang='lat' dir='ltr'>coram.</span> 
     </span>
     <span class='ocr_line' id='line_1_10' title="bbox 154 709 2106 777; baseline -0.004 -15"><span class='ocrx_word' id='word_1_79' title='bbox 154 717 351 777; x_wconf 85' lang='lat' dir='ltr'>Angelis</span> <span class='ocrx_word' id='word_1_80' title='bbox 389 716 488 760; x_wconf 91' lang='lat' dir='ltr'>Dei.</span> <span class='ocrx_word' id='word_1_81' title='bbox 566 716 633 759; x_wconf 87' lang='lat'>10.</span> <span class='ocrx_word' id='word_1_82' title='bbox 684 715 745 758; x_wconf 89' lang='lat' dir='ltr'>Et</span> <span class='ocrx_word' id='word_1_83' title='bbox 780 713 952 768; x_wconf 89' lang='lat' dir='ltr'>omnis,</span> <span class='ocrx_word' id='word_1_84' title='bbox 995 713 1079 771; x_wconf 92' lang='lat' dir='ltr'>qui</span> <span class='ocrx_word' id='word_1_85' title='bbox 1116 712 1233 756; x_wconf 87' lang='lat' dir='ltr'>dicit</span> <span class='ocrx_word' id='word_1_86' title='bbox 1270 710 1499 757; x_wconf 86' lang='lat' dir='ltr'>verbum⁵</span> <span class='ocrx_word' id='word_1_87' title='bbox 1551 710 1603 755; x_wconf 89' lang='lat' dir='ltr'>in</span> <span class='ocrx_word' id='word_1_88' title='bbox 1648 710 1703 755; x_wconf 87' lang='lat' dir='ltr'>Fi</span> <span class='ocrx_word' id='word_1_89' title='bbox 1728 709 1830 755; x_wconf 90' lang='lat' dir='ltr'>ium</span> <span class='ocrx_word' id='word_1_90' title='bbox 1867 709 2106 767; x_wconf 42' lang='lat' dir='ltr'>hominis„</span> 
     </span>
     <span class='ocr_line' id='line_1_11' title="bbox 153 770 2106 833; baseline -0.003 -10"><span class='ocrx_word' id='word_1_91' title='bbox 153 779 418 823; x_wconf 86' lang='lat' dir='ltr'>remittetur</span> <span class='ocrx_word' id='word_1_92' title='bbox 456 776 549 820; x_wconf 92' lang='lat' dir='ltr'>illi:</span> <span class='ocrx_word' id='word_1_93' title='bbox 582 776 622 820; x_wconf 88' lang='lat' dir='ltr'>ei</span> <span class='ocrx_word' id='word_1_94' title='bbox 649 781 823 828; x_wconf 85' lang='lat' dir='ltr'>autem,</span> <span class='ocrx_word' id='word_1_95' title='bbox 845 775 928 833; x_wconf 89' lang='lat' dir='ltr'>qui</span> <span class='ocrx_word' id='word_1_96' title='bbox 954 774 1003 818; x_wconf 91' lang='lat' dir='ltr'>in</span> <span class='ocrx_word' id='word_1_97' title='bbox 1035 773 1268 832; x_wconf 83' lang='lat' dir='ltr'>Spiritum</span> <span class='ocrx_word' id='word_1_98' title='bbox 1295 778 1514 817; x_wconf 88' lang='lat' dir='ltr'>sanetum</span> <span class='ocrx_word' id='word_1_99' title='bbox 1549 770 1973 831; x_wconf 78' lang='lat' dir='ltr'>blasphemaverit,</span> <span class='ocrx_word' id='word_1_100' title='bbox 1995 784 2106 832; x_wconf 67' lang='lat' dir='ltr'>nonj</span> 
     </span>
     <span class='ocr_line' id='line_1_12' title="bbox 152 831 2106 891; baseline -0.004 -8"><span class='ocrx_word' id='word_1_101' title='bbox 152 838 430 884; x_wconf 89' lang='lat' dir='ltr'>remittetur.</span> <span class='ocrx_word' id='word_1_102' title='bbox 496 838 565 881; x_wconf 91' lang='lat'>11.</span> <span class='ocrx_word' id='word_1_103' title='bbox 599 837 719 881; x_wconf 88' lang='lat' dir='ltr'>Cum</span> <span class='ocrx_word' id='word_1_104' title='bbox 758 841 918 880; x_wconf 85' lang='lat' dir='ltr'>autem</span> <span class='ocrx_word' id='word_1_105' title='bbox 943 835 1174 878; x_wconf 86' lang='lat' dir='ltr'>inducent</span> <span class='ocrx_word' id='word_1_106' title='bbox 1196 832 1310 878; x_wconf 85' lang='lat' dir='ltr'>vos⁶</span> <span class='ocrx_word' id='word_1_107' title='bbox 1342 834 1393 877; x_wconf 91' lang='lat' dir='ltr'>in</span> <span class='ocrx_word' id='word_1_108' title='bbox 1426 847 1708 891; x_wconf 69' lang='lat' dir='ltr'>synagogas,</span> <span class='ocrx_word' id='word_1_109' title='bbox 1742 836 1788 877; x_wconf 92' lang='lat' dir='ltr'>et</span> <span class='ocrx_word' id='word_1_110' title='bbox 1822 831 1884 877; x_wconf 85' lang='lat' dir='ltr'>ad</span> <span class='ocrx_word' id='word_1_111' title='bbox 1921 831 2106 890; x_wconf 44' lang='grc' dir='ltr'><strong>Πιερὶς-1</strong></span> 
     </span>
     <span class='ocr_line' id='line_1_13' title="bbox 152 892 2106 963; baseline -0.003 -19"><span class='ocrx_word' id='word_1_112' title='bbox 152 905 316 954; x_wconf 88' lang='lat' dir='ltr'>tratus,</span> <span class='ocrx_word' id='word_1_113' title='bbox 333 903 378 943; x_wconf 90' lang='lat' dir='ltr'>et</span> <span class='ocrx_word' id='word_1_114' title='bbox 415 902 676 957; x_wconf 83' lang='lat' dir='ltr'>potestates,</span> <span class='ocrx_word' id='word_1_115' title='bbox 712 897 860 941; x_wconf 89' lang='lat' dir='ltr'>nolite</span> <span class='ocrx_word' id='word_1_116' title='bbox 897 895 1067 940; x_wconf 88' lang='lat' dir='ltr'>soliciti</span> <span class='ocrx_word' id='word_1_117' title='bbox 1108 910 1203 940; x_wconf 86' lang='lat' dir='ltr'>esse</span> <span class='ocrx_word' id='word_1_118' title='bbox 1230 894 1451 954; x_wconf 81' lang='lat' dir='ltr'>qualiter,</span> <span class='ocrx_word' id='word_1_119' title='bbox 1486 899 1571 938; x_wconf 85' lang='lat' dir='ltr'>aut</span> <span class='ocrx_word' id='word_1_120' title='bbox 1601 892 1720 953; x_wconf 92' lang='lat' dir='ltr'>quid</span> <span class='ocrx_word' id='word_1_121' title='bbox 1755 892 2106 963; x_wconf 56' lang='lat' dir='ltr'>respondeatisf}</span> 
     </span>
     <span class='ocr_line' id='line_1_14' title="bbox 153 953 2106 1019; baseline -0.002 -15"><span class='ocrx_word' id='word_1_122' title='bbox 153 965 237 1005; x_wconf 85' lang='lat' dir='ltr'>aut</span> <span class='ocrx_word' id='word_1_123' title='bbox 274 959 390 1019; x_wconf 90' lang='lat' dir='ltr'>quid</span> <span class='ocrx_word' id='word_1_124' title='bbox 427 959 608 1003; x_wconf 85' lang='lat' dir='ltr'>dicatis.</span> <span class='ocrx_word' id='word_1_125' title='bbox 674 959 743 1002; x_wconf 93' lang='lat'>12.</span> <span class='ocrx_word' id='word_1_126' title='bbox 775 957 981 1016; x_wconf 79' lang='lat' dir='ltr'>Spiritus</span> <span class='ocrx_word' id='word_1_127' title='bbox 1012 956 1144 1000; x_wconf 90' lang='lat' dir='ltr'>enim</span> <span class='ocrx_word' id='word_1_128' title='bbox 1182 962 1374 1000; x_wconf 86' lang='lat' dir='ltr'>sanctus</span> <span class='ocrx_word' id='word_1_129' title='bbox 1409 955 1598 1000; x_wconf 84' lang='lat' dir='ltr'>docebit</span> <span class='ocrx_word' id='word_1_130' title='bbox 1631 969 1715 1000; x_wconf 89' lang='lat' dir='ltr'>vos</span> <span class='ocrx_word' id='word_1_131' title='bbox 1749 954 1802 999; x_wconf 91' lang='lat' dir='ltr'>in</span> <span class='ocrx_word' id='word_1_132' title='bbox 1836 969 1854 999; x_wconf 92' lang='lat'>1</span> <span class='ocrx_word' id='word_1_133' title='bbox 1889 969 1941 1000; x_wconf 83' lang='lat' dir='ltr'>sa</span> <span class='ocrx_word' id='word_1_134' title='bbox 1974 953 2106 1011; x_wconf 55' lang='lat' dir='ltr'>hora]</span> 
     </span>
     <span class='ocr_line' id='line_1_15' title="bbox 155 969 2106 1080; baseline -0.003 -15"><span class='ocrx_word' id='word_1_135' title='bbox 155 1021 272 1080; x_wconf 87' lang='lat' dir='ltr'>quid</span> <span class='ocrx_word' id='word_1_136' title='bbox 309 1025 521 1079; x_wconf 77' lang='lat' dir='ltr'>oporteat</span> <span class='ocrx_word' id='word_1_137' title='bbox 554 1034 636 1064; x_wconf 88' lang='lat' dir='ltr'>vos</span> <span class='ocrx_word' id='word_1_138' title='bbox 657 1018 824 1063; x_wconf 85' lang='lat' dir='ltr'>dicere.</span> <span class='ocrx_word' id='word_1_139' title='bbox 891 1019 959 1062; x_wconf 86' lang='lat'>13.</span> <span class='ocrx_word' id='word_1_140' title='bbox 994 1017 1077 1061; x_wconf 90' lang='lat' dir='ltr'>Ait</span> <span class='ocrx_word' id='word_1_141' title='bbox 1100 1022 1259 1061; x_wconf 84' lang='lat' dir='ltr'>autem</span> <span class='ocrx_word' id='word_1_142' title='bbox 1284 1017 1325 1061; x_wconf 89' lang='lat' dir='ltr'>ei</span> <span class='ocrx_word' id='word_1_143' title='bbox 1350 1015 1551 1075; x_wconf 89' lang='lat' dir='ltr'>quidam</span> <span class='ocrx_word' id='word_1_144' title='bbox 1575 1015 1634 1061; x_wconf 92' lang='lat' dir='ltr'>de</span> <span class='ocrx_word' id='word_1_145' title='bbox 1655 1015 1820 1061; x_wconf 86' lang='lat' dir='ltr'>turba:</span> <span class='ocrx_word' id='word_1_146' title='bbox 1854 969 2106 1075; x_wconf 46' lang='lat' dir='ltr'>fiagisterflj</span> 
     </span>
     <span class='ocr_line' id='line_1_16' title="bbox 152 1075 2106 1132; baseline -0.002 -5"><span class='ocrx_word' id='word_1_147' title='bbox 152 1081 230 1128; x_wconf 89' lang='lat' dir='ltr'>dic</span> <span class='ocrx_word' id='word_1_148' title='bbox 267 1081 399 1125; x_wconf 85' lang='lat' dir='ltr'>fratri</span> <span class='ocrx_word' id='word_1_149' title='bbox 435 1095 539 1125; x_wconf 89' lang='lat' dir='ltr'>meo</span> <span class='ocrx_word' id='word_1_150' title='bbox 575 1085 628 1124; x_wconf 91' lang='lat' dir='ltr'>ut</span> <span class='ocrx_word' id='word_1_151' title='bbox 664 1079 852 1124; x_wconf 86' lang='lat' dir='ltr'>dividat</span> <span class='ocrx_word' id='word_1_152' title='bbox 873 1093 1061 1123; x_wconf 86' lang='lat' dir='ltr'>mecum</span> <span class='ocrx_word' id='word_1_153' title='bbox 1099 1078 1426 1123; x_wconf 84' lang='lat' dir='ltr'>hereditatem.</span> <span class='ocrx_word' id='word_1_154' title='bbox 1504 1077 1573 1122; x_wconf 90' lang='lat'>14.</span> <span class='ocrx_word' id='word_1_155' title='bbox 1619 1076 1685 1122; x_wconf 92' lang='lat' dir='ltr'>At</span> <span class='ocrx_word' id='word_1_156' title='bbox 1718 1076 1802 1122; x_wconf 90' lang='lat' dir='ltr'>ille</span> <span class='ocrx_word' id='word_1_157' title='bbox 1836 1075 1964 1122; x_wconf 87' lang='lat' dir='ltr'>dixit</span> <span class='ocrx_word' id='word_1_158' title='bbox 1997 1075 2106 1132; x_wconf 61' lang='lat' dir='ltr'>illis</span> 
     </span>
     <span class='ocr_line' id='line_1_17' title="bbox 156 1135 2106 1223; baseline -0.002 -37"><span class='ocrx_word' id='word_1_159' title='bbox 156 1140 329 1196; x_wconf 90' lang='lat' dir='ltr'>Homo,</span> <span class='ocrx_word' id='word_1_160' title='bbox 363 1141 470 1200; x_wconf 86' lang='lat' dir='ltr'>quis</span> <span class='ocrx_word' id='word_1_161' title='bbox 513 1156 589 1186; x_wconf 84' lang='lat' dir='ltr'>me</span> <span class='ocrx_word' id='word_1_162' title='bbox 623 1140 870 1185; x_wconf 88' lang='lat' dir='ltr'>constituit</span> <span class='ocrx_word' id='word_1_163' title='bbox 900 1137 1159 1199; x_wconf 62' lang='grc' dir='ltr'>ι1011100111,7</span> <span class='ocrx_word' id='word_1_164' title='bbox 1212 1144 1296 1183; x_wconf 87' lang='lat' dir='ltr'>aut</span> <span class='ocrx_word' id='word_1_165' title='bbox 1339 1138 1597 1183; x_wconf 88' lang='lat' dir='ltr'>divisorem</span> <span class='ocrx_word' id='word_1_166' title='bbox 1641 1152 1784 1223; x_wconf 63' lang='lat' dir='ltr'>super</span> <span class='ocrx_word' id='word_1_167' title='bbox 1825 1137 1940 1184; x_wconf 88' lang='lat' dir='ltr'>vos?</span> <span class='ocrx_word' id='word_1_168' title='bbox 2023 1135 2106 1198; x_wconf 46' lang='lat' dir='ltr'>15ssl</span> 
     </span>
     <span class='ocr_line' id='line_1_18' title="bbox 155 1197 2106 1265; baseline -0.002 -18"><span class='ocrx_word' id='word_1_169' title='bbox 155 1200 386 1261; x_wconf 85' lang='lat' dir='ltr'>Dixitque</span> <span class='ocrx_word' id='word_1_170' title='bbox 419 1202 480 1246; x_wconf 84' lang='lat' dir='ltr'>ad</span> <span class='ocrx_word' id='word_1_171' title='bbox 516 1201 645 1246; x_wconf 87' lang='lat' dir='ltr'>illos:</span> <span class='ocrx_word' id='word_1_172' title='bbox 682 1201 865 1255; x_wconf 90' lang='lat' dir='ltr'>Videte,</span> <span class='ocrx_word' id='word_1_173' title='bbox 898 1206 945 1245; x_wconf 89' lang='lat' dir='ltr'>et</span> <span class='ocrx_word' id='word_1_174' title='bbox 984 1205 1143 1246; x_wconf 85' lang='lat' dir='ltr'>cavete</span> <span class='ocrx_word' id='word_1_175' title='bbox 1182 1199 1242 1244; x_wconf 85' lang='lat' dir='ltr'>ab</span> <span class='ocrx_word' id='word_1_176' title='bbox 1277 1199 1411 1244; x_wconf 88' lang='lat' dir='ltr'>omni</span> <span class='ocrx_word' id='word_1_177' title='bbox 1449 1199 1675 1245; x_wconf 85' lang='lat' dir='ltr'>avaritia:</span> <span class='ocrx_word' id='word_1_178' title='bbox 1755 1199 1873 1259; x_wconf 85' lang='lat' dir='ltr'>quia</span> <span class='ocrx_word' id='word_1_179' title='bbox 1906 1213 2004 1244; x_wconf 90' lang='lat' dir='ltr'>non</span> <span class='ocrx_word' id='word_1_180' title='bbox 2041 1197 2106 1265; x_wconf 69' lang='lat' dir='ltr'>in‘]</span> 
     </span>
     <span class='ocr_line' id='line_1_19' title="bbox 155 1258 2106 1322; baseline -0.001 -15"><span class='ocrx_word' id='word_1_181' title='bbox 155 1263 454 1308; x_wconf 81' lang='lat' dir='ltr'>abundantia</span> <span class='ocrx_word' id='word_1_182' title='bbox 488 1261 769 1322; x_wconf 87' lang='lat' dir='ltr'>cujusquam</span> <span class='ocrx_word' id='word_1_183' title='bbox 809 1263 909 1307; x_wconf 86' lang='lat' dir='ltr'>vita</span> <span class='ocrx_word' id='word_1_184' title='bbox 943 1260 1044 1320; x_wconf 87' lang='lat' dir='ltr'>ejus</span> <span class='ocrx_word' id='word_1_185' title='bbox 1081 1267 1148 1306; x_wconf 84' lang='lat' dir='ltr'>est</span> <span class='ocrx_word' id='word_1_186' title='bbox 1191 1276 1249 1306; x_wconf 86' lang='lat' dir='ltr'>ex</span> <span class='ocrx_word' id='word_1_187' title='bbox 1286 1261 1362 1306; x_wconf 89' lang='lat' dir='ltr'>his</span> <span class='ocrx_word' id='word_1_188' title='bbox 1396 1274 1520 1320; x_wconf 82' lang='lat' dir='ltr'>quae</span> <span class='ocrx_word' id='word_1_189' title='bbox 1554 1259 1774 1320; x_wconf 87' lang='lat' dir='ltr'>possidet.</span> <span class='ocrx_word' id='word_1_190' title='bbox 1839 1261 1910 1305; x_wconf 89' lang='grc'>16.</span> <span class='ocrx_word' id='word_1_191' title='bbox 1956 1258 2106 1306; x_wconf 71' lang='lat' dir='ltr'>Dixit³</span> 
     </span>
     <span class='ocr_line' id='line_1_20' title="bbox 154 1319 2097 1380; baseline -0.001 -12"><span class='ocrx_word' id='word_1_192' title='bbox 154 1329 315 1369; x_wconf 89' lang='lat' dir='ltr'>autem</span> <span class='ocrx_word' id='word_1_193' title='bbox 353 1322 721 1368; x_wconf 81' lang='lat' dir='ltr'>similitudine-m</span> <span class='ocrx_word' id='word_1_194' title='bbox 757 1322 817 1368; x_wconf 87' lang='lat' dir='ltr'>ad</span> <span class='ocrx_word' id='word_1_195' title='bbox 840 1322 960 1377; x_wconf 85' lang='lat' dir='ltr'>illos,</span> <span class='ocrx_word' id='word_1_196' title='bbox 983 1321 1165 1367; x_wconf 84' lang='lat' dir='ltr'>dicens:</span> <span class='ocrx_word' id='word_1_197' title='bbox 1201 1321 1431 1366; x_wconf 88' lang='lat' dir='ltr'>Hominis</span> <span class='ocrx_word' id='word_1_198' title='bbox 1463 1322 1714 1380; x_wconf 87' lang='lat' dir='ltr'>cujusdam</span> <span class='ocrx_word' id='word_1_199' title='bbox 1737 1321 1905 1367; x_wconf 80' lang='lat' dir='ltr'>divitis</span> <span class='ocrx_word' id='word_1_200' title='bbox 1926 1319 2097 1367; x_wconf 70' lang='lat' dir='ltr'>uberes</span> 
     </span>
     <span class='ocr_line' id='line_1_21' title="bbox 156 1379 2097 1443; baseline -0.001 -14"><span class='ocrx_word' id='word_1_201' title='bbox 156 1385 336 1429; x_wconf 79' lang='lat' dir='ltr'>fruetus</span> <span class='ocrx_word' id='word_1_202' title='bbox 369 1400 481 1443; x_wconf 87' lang='lat' dir='ltr'>ager</span> <span class='ocrx_word' id='word_1_203' title='bbox 515 1385 697 1429; x_wconf 87' lang='lat' dir='ltr'>attulit:</span> <span class='ocrx_word' id='word_1_204' title='bbox 763 1384 828 1430; x_wconf 88' lang='lat'>17.</span> <span class='ocrx_word' id='word_1_205' title='bbox 877 1389 921 1429; x_wconf 88' lang='lat' dir='ltr'>et</span> <span class='ocrx_word' id='word_1_206' title='bbox 952 1383 1191 1442; x_wconf 79' lang='lat' dir='ltr'>cogitabat</span> <span class='ocrx_word' id='word_1_207' title='bbox 1234 1384 1362 1428; x_wconf 90' lang='lat' dir='ltr'>intra</span> <span class='ocrx_word' id='word_1_208' title='bbox 1397 1398 1444 1428; x_wconf 90' lang='lat' dir='ltr'>se</span> <span class='ocrx_word' id='word_1_209' title='bbox 1480 1383 1663 1428; x_wconf 89' lang='lat' dir='ltr'>dicens:</span> <span class='ocrx_word' id='word_1_210' title='bbox 1707 1381 1839 1437; x_wconf 80' lang='lat' dir='ltr'>Quid</span> <span class='ocrx_word' id='word_1_211' title='bbox 1872 1379 2097 1438; x_wconf 81' lang='lat' dir='ltr'>faciam,⁸</span> 
     </span>
     <span class='ocr_line' id='line_1_22' title="bbox 159 1442 2101 1505; baseline -0.002 -15"><span class='ocrx_word' id='word_1_212' title='bbox 159 1445 274 1505; x_wconf 90' lang='lat' dir='ltr'>quia</span> <span class='ocrx_word' id='word_1_213' title='bbox 296 1460 391 1490; x_wconf 88' lang='lat' dir='ltr'>non</span> <span class='ocrx_word' id='word_1_214' title='bbox 411 1445 562 1490; x_wconf 88' lang='lat' dir='ltr'>habeo</span> <span class='ocrx_word' id='word_1_215' title='bbox 585 1460 680 1504; x_wconf 91' lang='lat' dir='ltr'>quo</span> <span class='ocrx_word' id='word_1_216' title='bbox 703 1460 983 1504; x_wconf 86' lang='lat' dir='ltr'>congregem</span> <span class='ocrx_word' id='word_1_217' title='bbox 1007 1445 1188 1489; x_wconf 87' lang='lat' dir='ltr'>fructus</span> <span class='ocrx_word' id='word_1_218' title='bbox 1211 1445 1370 1490; x_wconf 83' lang='lat' dir='ltr'>meos?</span> <span class='ocrx_word' id='word_1_219' title='bbox 1416 1445 1486 1489; x_wconf 86' lang='grc'>18.</span> <span class='ocrx_word' id='word_1_220' title='bbox 1521 1444 1583 1489; x_wconf 84' lang='grc' dir='ltr'>Ε1</span> <span class='ocrx_word' id='word_1_221' title='bbox 1597 1443 1742 1489; x_wconf 88' lang='lat' dir='ltr'>dixit:</span> <span class='ocrx_word' id='word_1_222' title='bbox 1778 1443 1885 1488; x_wconf 85' lang='lat' dir='ltr'>Hoc</span> <span class='ocrx_word' id='word_1_223' title='bbox 1898 1442 2071 1488; x_wconf 82' lang='lat' dir='ltr'>faciam</span> <span class='ocrx_word' id='word_1_224' title='bbox 2097 1481 2101 1486; x_wconf 83' lang='lat'>.</span> 
     </span>
     <span class='ocr_line' id='line_1_23' title="bbox 159 1503 2068 1564; baseline -0.001 -14"><span class='ocrx_word' id='word_1_225' title='bbox 159 1505 412 1551; x_wconf 86' lang='lat' dir='ltr'>Destruam</span> <span class='ocrx_word' id='word_1_226' title='bbox 449 1504 654 1551; x_wconf 75' lang='lat' dir='ltr'>horrea1⁰</span> <span class='ocrx_word' id='word_1_227' title='bbox 685 1521 803 1561; x_wconf 87' lang='lat' dir='ltr'>mea,</span> <span class='ocrx_word' id='word_1_228' title='bbox 826 1511 871 1550; x_wconf 89' lang='lat' dir='ltr'>et</span> <span class='ocrx_word' id='word_1_229' title='bbox 906 1507 1087 1564; x_wconf 83' lang='lat' dir='ltr'>majora</span> <span class='ocrx_word' id='word_1_230' title='bbox 1109 1504 1309 1550; x_wconf 84' lang='lat' dir='ltr'>faciam:</span> <span class='ocrx_word' id='word_1_231' title='bbox 1345 1510 1402 1550; x_wconf 90' lang='lat' dir='ltr'>et·</span> <span class='ocrx_word' id='word_1_232' title='bbox 1425 1505 1543 1550; x_wconf 89' lang='lat' dir='ltr'>illuc</span> <span class='ocrx_word' id='word_1_233' title='bbox 1579 1504 1878 1564; x_wconf 84' lang='lat' dir='ltr'>congregabo</span> <span class='ocrx_word' id='word_1_234' title='bbox 1915 1503 2068 1550; x_wconf 91' lang='lat' dir='ltr'>omni</span> 
     </span>
     <span class='ocr_line' id='line_1_24' title="bbox 158 1564 2093 1626; baseline -0.001 -15"><span class='ocrx_word' id='word_1_235' title='bbox 158 1581 280 1626; x_wconf 87' lang='lat' dir='ltr'>quae</span> <span class='ocrx_word' id='word_1_236' title='bbox 302 1573 415 1612; x_wconf 89' lang='lat' dir='ltr'>nata</span> <span class='ocrx_word' id='word_1_237' title='bbox 435 1572 547 1611; x_wconf 89' lang='lat' dir='ltr'>sunt</span> <span class='ocrx_word' id='word_1_238' title='bbox 564 1567 701 1622; x_wconf 87' lang='lat' dir='ltr'>mihi,</span> <span class='ocrx_word' id='word_1_239' title='bbox 732 1572 778 1612; x_wconf 88' lang='lat' dir='ltr'>et</span> <span class='ocrx_word' id='word_1_240' title='bbox 810 1567 935 1612; x_wconf 87' lang='lat' dir='ltr'>bona</span> <span class='ocrx_word' id='word_1_241' title='bbox 959 1581 1076 1621; x_wconf 87' lang='lat' dir='ltr'>mea,</span> <span class='ocrx_word' id='word_1_242' title='bbox 1132 1567 1199 1611; x_wconf 84' lang='lat'>19.</span> <span class='ocrx_word' id='word_1_243' title='bbox 1234 1572 1279 1611; x_wconf 88' lang='lat' dir='ltr'>et</span> <span class='ocrx_word' id='word_1_244' title='bbox 1311 1566 1469 1611; x_wconf 86' lang='lat' dir='ltr'>dicam</span> <span class='ocrx_word' id='word_1_245' title='bbox 1493 1566 1685 1612; x_wconf 81' lang='lat' dir='ltr'>animae</span> <span class='ocrx_word' id='word_1_246' title='bbox 1707 1580 1864 1611; x_wconf 87' lang='lat' dir='ltr'>meae:</span> <span class='ocrx_word' id='word_1_247' title='bbox 1899 1564 2093 1611; x_wconf 65' lang='lat' dir='ltr'>Anima&gt;</span> 
     </span>
     <span class='ocr_line' id='line_1_25' title="bbox 162 1624 2093 1687; baseline -0.001 -14"><span class='ocrx_word' id='word_1_248' title='bbox 162 1626 308 1673; x_wconf 86' lang='lat' dir='ltr'>habes</span> <span class='ocrx_word' id='word_1_249' title='bbox 330 1627 484 1672; x_wconf 88' lang='lat' dir='ltr'>multa</span> <span class='ocrx_word' id='word_1_250' title='bbox 506 1627 631 1673; x_wconf 85' lang='lat' dir='ltr'>bona</span> <span class='ocrx_word' id='word_1_251' title='bbox 653 1628 803 1687; x_wconf 86' lang='lat' dir='ltr'>posita</span> <span class='ocrx_word' id='word_1_252' title='bbox 840 1626 891 1672; x_wconf 90' lang='lat' dir='ltr'>in</span> <span class='ocrx_word' id='word_1_253' title='bbox 929 1643 1081 1672; x_wconf 84' lang='lat' dir='ltr'>annos</span> <span class='ocrx_word' id='word_1_254' title='bbox 1104 1627 1362 1687; x_wconf 87' lang='lat' dir='ltr'>plurimos:</span> <span class='ocrx_word' id='word_1_255' title='bbox 1397 1628 1651 1686; x_wconf 88' lang='lat' dir='ltr'>requiesce,</span> <span class='ocrx_word' id='word_1_256' title='bbox 1689 1626 1896 1682; x_wconf 86' lang='lat' dir='ltr'>comede,</span> <span class='ocrx_word' id='word_1_257' title='bbox 1910 1624 1939 1650; x_wconf 87' lang='lat'>¹¹</span> <span class='ocrx_word' id='word_1_258' title='bbox 1970 1625 2093 1672; x_wconf 53' lang='lat' dir='ltr'>bibe»</span> 
     </span>
     <span class='ocr_line' id='line_1_26' title="bbox 159 1680 2097 1748; baseline -0.001 -16"><span class='ocrx_word' id='word_1_259' title='bbox 159 1688 363 1748; x_wconf 85' lang='lat' dir='ltr'>epulare.</span> <span class='ocrx_word' id='word_1_260' title='bbox 378 1686 406 1711; x_wconf 81' lang='lat'>¹²</span> <span class='ocrx_word' id='word_1_261' title='bbox 468 1688 536 1733; x_wconf 86' lang='lat'>20.</span> <span class='ocrx_word' id='word_1_262' title='bbox 573 1689 708 1734; x_wconf 81' lang='lat' dir='ltr'>Dixit</span> <span class='ocrx_word' id='word_1_263' title='bbox 730 1694 889 1733; x_wconf 82' lang='lat' dir='ltr'>autem</span> <span class='ocrx_word' id='word_1_264' title='bbox 930 1688 1001 1732; x_wconf 90' lang='lat' dir='ltr'>illi</span> <span class='ocrx_word' id='word_1_265' title='bbox 1043 1689 1189 1734; x_wconf 89' lang='lat' dir='ltr'>Deus:</span> <span class='ocrx_word' id='word_1_266' title='bbox 1223 1689 1391 1743; x_wconf 89' lang='lat' dir='ltr'>Stulte,</span> <span class='ocrx_word' id='word_1_267' title='bbox 1430 1689 1520 1734; x_wconf 84' lang='lat' dir='ltr'>hac</span> <span class='ocrx_word' id='word_1_268' title='bbox 1558 1694 1694 1734; x_wconf 85' lang='lat' dir='ltr'>nocte</span> <span class='ocrx_word' id='word_1_269' title='bbox 1717 1687 1935 1734; x_wconf 80' lang='lat' dir='ltr'>animam</span> <span class='ocrx_word' id='word_1_270' title='bbox 1957 1680 2097 1733; x_wconf 58' lang='lat' dir='ltr'>tua-st</span> 
     </span>
     <span class='ocr_line' id='line_1_27' title="bbox 160 1748 2099 1810; baseline 0.001 -16"><span class='ocrx_word' id='word_1_271' title='bbox 160 1753 380 1808; x_wconf 89' lang='lat' dir='ltr'>repetunt</span> <span class='ocrx_word' id='word_1_272' title='bbox 415 1764 444 1794; x_wconf 86' lang='lat' dir='ltr'>a</span> <span class='ocrx_word' id='word_1_273' title='bbox 479 1754 543 1794; x_wconf 90' lang='lat' dir='ltr'>te:</span> <span class='ocrx_word' id='word_1_274' title='bbox 577 1763 699 1810; x_wconf 90' lang='lat' dir='ltr'>quae</span> <span class='ocrx_word' id='word_1_275' title='bbox 721 1755 879 1794; x_wconf 86' lang='lat' dir='ltr'>autem</span> <span class='ocrx_word' id='word_1_276' title='bbox 905 1750 1096 1809; x_wconf 79' lang='lat' dir='ltr'>parasti,</span> <span class='ocrx_word' id='word_1_277' title='bbox 1134 1748 1268 1808; x_wconf 85' lang='lat' dir='ltr'>cujus</span> <span class='ocrx_word' id='word_1_278' title='bbox 1291 1749 1507 1795; x_wconf 81' lang='lat' dir='ltr'>erunt‘?¹³</span> <span class='ocrx_word' id='word_1_279' title='bbox 1569 1751 1639 1795; x_wconf 90' lang='lat'>21.</span> <span class='ocrx_word' id='word_1_280' title='bbox 1672 1748 1751 1795; x_wconf 88' lang='lat' dir='ltr'>Sic</span> <span class='ocrx_word' id='word_1_281' title='bbox 1787 1754 1857 1795; x_wconf 88' lang='lat' dir='ltr'>est</span> <span class='ocrx_word' id='word_1_282' title='bbox 1893 1748 1979 1808; x_wconf 91' lang='lat' dir='ltr'>qui</span> <span class='ocrx_word' id='word_1_283' title='bbox 2001 1756 2099 1795; x_wconf 67' lang='lat' dir='ltr'>sul.</span> 
     </span>
     <span class='ocr_line' id='line_1_28' title="bbox 158 1808 2099 1871; baseline 0 -17"><span class='ocrx_word' id='word_1_284' title='bbox 158 1809 458 1865; x_wconf 85' lang='lat' dir='ltr'>thesaurizat,</span> <span class='ocrx_word' id='word_1_285' title='bbox 494 1814 540 1855; x_wconf 82' lang='lat' dir='ltr'>et</span> <span class='ocrx_word' id='word_1_286' title='bbox 575 1825 672 1856; x_wconf 91' lang='lat' dir='ltr'>non</span> <span class='ocrx_word' id='word_1_287' title='bbox 710 1816 779 1855; x_wconf 84' lang='lat' dir='ltr'>est</span> <span class='ocrx_word' id='word_1_288' title='bbox 815 1811 866 1855; x_wconf 87' lang='lat' dir='ltr'>in</span> <span class='ocrx_word' id='word_1_289' title='bbox 908 1811 1060 1855; x_wconf 86' lang='lat' dir='ltr'>Deum</span> <span class='ocrx_word' id='word_1_290' title='bbox 1098 1810 1285 1856; x_wconf 73' lang='lat' dir='ltr'>divcs¹⁴</span> <span class='ocrx_word' id='word_1_291' title='bbox 1348 1813 1416 1856; x_wconf 90' lang='lat'>22.</span> <span class='ocrx_word' id='word_1_292' title='bbox 1465 1811 1699 1871; x_wconf 82' lang='lat' dir='ltr'>Dixitque</span> <span class='ocrx_word' id='word_1_293' title='bbox 1735 1810 1797 1856; x_wconf 90' lang='lat' dir='ltr'>ad</span> <span class='ocrx_word' id='word_1_294' title='bbox 1835 1808 2099 1870; x_wconf 85' lang='lat' dir='ltr'>discipul·-</span> 
     </span>
     <span class='ocr_line' id='line_1_29' title="bbox 159 1870 2091 1931; baseline 0 -12"><span class='ocrx_word' id='word_1_295' title='bbox 159 1883 284 1919; x_wconf 79' lang='lat' dir='ltr'>Suos:</span> <span class='ocrx_word' id='word_1_296' title='bbox 319 1870 430 1915; x_wconf 88' lang='lat' dir='ltr'>Ideo</span> <span class='ocrx_word' id='word_1_297' title='bbox 467 1870 571 1916; x_wconf 89' lang='lat' dir='ltr'>dico</span> <span class='ocrx_word' id='word_1_298' title='bbox 608 1871 765 1917; x_wconf 90' lang='lat' dir='ltr'>vobis:</span> <span class='ocrx_word' id='word_1_299' title='bbox 801 1870 957 1916; x_wconf 88' lang='lat' dir='ltr'>Nolite</span> <span class='ocrx_word' id='word_1_300' title='bbox 993 1872 1165 1916; x_wconf 89' lang='lat' dir='ltr'>soliciti</span> <span class='ocrx_word' id='word_1_301' title='bbox 1205 1871 1341 1918; x_wconf 83' lang='lat' dir='ltr'>esse¹⁵</span> <span class='ocrx_word' id='word_1_302' title='bbox 1371 1873 1564 1918; x_wconf 80' lang='lat' dir='ltr'>animae</span> <span class='ocrx_word' id='word_1_303' title='bbox 1602 1876 1784 1918; x_wconf 85' lang='lat' dir='ltr'>vestrae</span> <span class='ocrx_word' id='word_1_304' title='bbox 1818 1870 1938 1931; x_wconf 90' lang='lat' dir='ltr'>quid</span> <span class='ocrx_word' id='word_1_305' title='bbox 1960 1872 2091 1920; x_wconf 67' lang='lat' dir='ltr'>man&#39;.</span> 
     </span>
     <span class='ocr_line' id='line_1_30' title="bbox 159 1930 2097 1994; baseline 0.003 -18"><span class='ocrx_word' id='word_1_306' title='bbox 159 1930 361 1976; x_wconf 87' lang='lat' dir='ltr'>ducetis:</span> <span class='ocrx_word' id='word_1_307' title='bbox 406 1946 560 1992; x_wconf 88' lang='lat' dir='ltr'>neque</span> <span class='ocrx_word' id='word_1_308' title='bbox 597 1933 778 1991; x_wconf 81' lang='lat' dir='ltr'>corpori</span> <span class='ocrx_word' id='word_1_309' title='bbox 822 1933 939 1991; x_wconf 88' lang='lat' dir='ltr'>quid</span> <span class='ocrx_word' id='word_1_310' title='bbox 982 1933 1269 1978; x_wconf 83' lang='lat' dir='ltr'>induamini.</span> <span class='ocrx_word' id='word_1_311' title='bbox 1334 1934 1405 1979; x_wconf 91' lang='lat'>23.</span> <span class='ocrx_word' id='word_1_312' title='bbox 1460 1934 1642 1979; x_wconf 88' lang='lat' dir='ltr'>Anima</span> <span class='ocrx_word' id='word_1_313' title='bbox 1684 1932 1793 1994; x_wconf 89' lang='lat' dir='ltr'>plus</span> <span class='ocrx_word' id='word_1_314' title='bbox 1835 1937 1904 1979; x_wconf 67' lang='lat' dir='ltr'>aet</span> <span class='ocrx_word' id='word_1_315' title='bbox 1945 1946 2043 1992; x_wconf 86' lang='lat' dir='ltr'>qua</span> <span class='ocrx_word' id='word_1_316' title='bbox 2074 1955 2097 1982; x_wconf 61' lang='grc' dir='ltr'>ι.</span> 
     </span>
     <span class='ocr_line' id='line_1_31' title="bbox 158 1993 2094 2054; baseline 0.001 -18"><span class='ocrx_word' id='word_1_317' title='bbox 158 2006 274 2047; x_wconf 85' lang='lat' dir='ltr'>esea,</span> <span class='ocrx_word' id='word_1_318' title='bbox 308 1996 353 2037; x_wconf 91' lang='lat' dir='ltr'>et</span> <span class='ocrx_word' id='word_1_319' title='bbox 387 2007 555 2052; x_wconf 89' lang='lat' dir='ltr'>corpus</span> <span class='ocrx_word' id='word_1_320' title='bbox 589 1993 697 2054; x_wconf 88' lang='lat' dir='ltr'>plus</span> <span class='ocrx_word' id='word_1_321' title='bbox 734 2007 879 2052; x_wconf 81' lang='lat' dir='ltr'>quam</span> <span class='ocrx_word' id='word_1_322' title='bbox 919 1994 1275 2039; x_wconf 85' lang='lat' dir='ltr'>vestimentum.</span> <span class='ocrx_word' id='word_1_323' title='bbox 1341 1995 1409 2039; x_wconf 91' lang='lat'>24.</span> <span class='ocrx_word' id='word_1_324' title='bbox 1448 1994 1757 2040; x_wconf 83' lang='lat' dir='ltr'>Considerate</span> <span class='ocrx_word' id='word_1_325' title='bbox 1788 2008 1954 2039; x_wconf 89' lang='lat' dir='ltr'>corvos</span> <span class='ocrx_word' id='word_1_326' title='bbox 1975 1993 2094 2054; x_wconf 87' lang='lat' dir='ltr'>qui</span> 
     </span>
     <span class='ocr_line' id='line_1_32' title="bbox 160 2053 2099 2116; baseline 0.001 -18"><span class='ocrx_word' id='word_1_327' title='bbox 160 2066 257 2098; x_wconf 86' lang='lat' dir='ltr'>non</span> <span class='ocrx_word' id='word_1_328' title='bbox 280 2053 529 2108; x_wconf 89' lang='lat' dir='ltr'>seminant,</span> <span class='ocrx_word' id='word_1_329' title='bbox 562 2069 716 2114; x_wconf 89' lang='lat' dir='ltr'>neque</span> <span class='ocrx_word' id='word_1_330' title='bbox 739 2059 938 2109; x_wconf 87' lang='lat' dir='ltr'>metunt,</span> <span class='ocrx_word' id='word_1_331' title='bbox 971 2055 1146 2114; x_wconf 87' lang='lat' dir='ltr'>quibus</span> <span class='ocrx_word' id='word_1_332' title='bbox 1170 2071 1266 2100; x_wconf 88' lang='lat' dir='ltr'>non</span> <span class='ocrx_word' id='word_1_333' title='bbox 1290 2060 1357 2100; x_wconf 88' lang='lat' dir='ltr'>est</span> <span class='ocrx_word' id='word_1_334' title='bbox 1380 2055 1644 2111; x_wconf 87' lang='lat' dir='ltr'>cellarium,</span> <span class='ocrx_word' id='word_1_335' title='bbox 1677 2070 1833 2116; x_wconf 91' lang='lat' dir='ltr'>neque</span> <span class='ocrx_word' id='word_1_336' title='bbox 1855 2054 2099 2100; x_wconf 78' lang='lat' dir='ltr'>horreum</span> 
     </span>
     <span class='ocr_line' id='line_1_33' title="bbox 159 2112 2081 2175; baseline 0.002 -18"><span class='ocrx_word' id='word_1_337' title='bbox 159 2117 207 2157; x_wconf 86' lang='lat' dir='ltr'>et</span> <span class='ocrx_word' id='word_1_338' title='bbox 227 2112 354 2158; x_wconf 88' lang='lat' dir='ltr'>Deus</span> <span class='ocrx_word' id='word_1_339' title='bbox 376 2115 524 2172; x_wconf 90' lang='lat' dir='ltr'>pascit</span> <span class='ocrx_word' id='word_1_340' title='bbox 545 2114 663 2161; x_wconf 76' lang='lat' dir='ltr'>illos,</span> <span class='ocrx_word' id='word_1_341' title='bbox 712 2116 902 2173; x_wconf 77' lang='lat' dir='ltr'>Quanto</span> <span class='ocrx_word' id='word_1_342' title='bbox 921 2116 1074 2174; x_wconf 85' lang='lat' dir='ltr'>magis</span> <span class='ocrx_word' id='word_1_343' title='bbox 1098 2132 1179 2162; x_wconf 87' lang='lat' dir='ltr'>vos</span> <span class='ocrx_word' id='word_1_344' title='bbox 1202 2116 1354 2175; x_wconf 83' lang='lat' dir='ltr'>pluris</span> <span class='ocrx_word' id='word_1_345' title='bbox 1371 2117 1480 2162; x_wconf 86' lang='lat' dir='ltr'>estis</span> <span class='ocrx_word' id='word_1_346' title='bbox 1503 2117 1635 2163; x_wconf 82' lang='lat' dir='ltr'>illis?</span> <span class='ocrx_word' id='word_1_347' title='bbox 1688 2117 1758 2162; x_wconf 90' lang='lat'>25.</span> <span class='ocrx_word' id='word_1_348' title='bbox 1791 2115 1911 2171; x_wconf 83' lang='lat' dir='ltr'>Quis</span> <span class='ocrx_word' id='word_1_349' title='bbox 1931 2120 2081 2161; x_wconf 73' lang='lat' dir='ltr'>auten·</span> 
     </span>
     <span class='ocr_line' id='line_1_34' title="bbox 161 2175 2095 2235; baseline 0.001 -17"><span class='ocrx_word' id='word_1_350' title='bbox 161 2178 370 2220; x_wconf 87' lang='lat' dir='ltr'>vestrum</span> <span class='ocrx_word' id='word_1_351' title='bbox 404 2175 654 2234; x_wconf 81' lang='lat' dir='ltr'>cogitando</span> <span class='ocrx_word' id='word_1_352' title='bbox 692 2182 842 2235; x_wconf 85' lang='lat' dir='ltr'>potest</span> <span class='ocrx_word' id='word_1_353' title='bbox 876 2177 1078 2234; x_wconf 87' lang='lat' dir='ltr'>adjicere</span> <span class='ocrx_word' id='word_1_354' title='bbox 1112 2178 1170 2222; x_wconf 90' lang='lat' dir='ltr'>ad</span> <span class='ocrx_word' id='word_1_355' title='bbox 1208 2183 1441 2223; x_wconf 80' lang='lat' dir='ltr'>staturam</span> <span class='ocrx_word' id='word_1_356' title='bbox 1480 2194 1615 2223; x_wconf 89' lang='lat' dir='ltr'>suam</span> <span class='ocrx_word' id='word_1_357' title='bbox 1653 2177 1872 2223; x_wconf 88' lang='lat' dir='ltr'>cubitum</span> <span class='ocrx_word' id='word_1_358' title='bbox 1910 2190 2067 2222; x_wconf 89' lang='lat' dir='ltr'>unum</span> <span class='ocrx_word' id='word_1_359' title='bbox 2088 2207 2095 2219; x_wconf 33' lang='grc' dir='ltr'>ψ.</span> 
     </span>
     <span class='ocr_line' id='line_1_35' title="bbox 160 2234 2096 2299; baseline 0.004 -20"><span class='ocrx_word' id='word_1_360' title='bbox 160 2234 230 2279; x_wconf 88' lang='grc'><strong>26.</strong></span> <span class='ocrx_word' id='word_1_361' title='bbox 281 2234 331 2280; x_wconf 83' lang='lat' dir='ltr'>Si</span> <span class='ocrx_word' id='word_1_362' title='bbox 363 2250 471 2294; x_wconf 90' lang='lat' dir='ltr'>ergo</span> <span class='ocrx_word' id='word_1_363' title='bbox 504 2251 658 2297; x_wconf 86' lang='lat' dir='ltr'>neque</span> <span class='ocrx_word' id='word_1_364' title='bbox 690 2238 816 2296; x_wconf 88' lang='lat' dir='ltr'>quod</span> <span class='ocrx_word' id='word_1_365' title='bbox 851 2238 1112 2283; x_wconf 88' lang='lat' dir='ltr'>minimum</span> <span class='ocrx_word' id='word_1_366' title='bbox 1146 2245 1213 2283; x_wconf 87' lang='lat' dir='ltr'>est</span> <span class='ocrx_word' id='word_1_367' title='bbox 1244 2239 1450 2298; x_wconf 88' lang='lat' dir='ltr'>potestis,</span> <span class='ocrx_word' id='word_1_368' title='bbox 1483 2239 1602 2299; x_wconf 88' lang='lat' dir='ltr'>quid</span> <span class='ocrx_word' id='word_1_369' title='bbox 1636 2239 1694 2284; x_wconf 90' lang='lat' dir='ltr'>de</span> <span class='ocrx_word' id='word_1_370' title='bbox 1726 2238 1891 2285; x_wconf 83' lang='lat' dir='ltr'>ceteris</span> <span class='ocrx_word' id='word_1_371' title='bbox 1921 2237 2096 2284; x_wconf 84' lang='lat' dir='ltr'>solici</span> 
     </span>
     <span class='ocr_line' id='line_1_36' title="bbox 161 2295 2089 2359; baseline 0.002 -19"><span class='ocrx_word' id='word_1_372' title='bbox 161 2295 299 2340; x_wconf 80' lang='lat' dir='ltr'>estis?</span> <span class='ocrx_word' id='word_1_373' title='bbox 361 2296 430 2341; x_wconf 87' lang='lat'>27.</span> <span class='ocrx_word' id='word_1_374' title='bbox 483 2296 761 2342; x_wconf 82' lang='lat' dir='ltr'>Considerat</span> <span class='ocrx_word' id='word_1_375' title='bbox 803 2298 906 2343; x_wconf 85' lang='lat' dir='ltr'>lilia</span> <span class='ocrx_word' id='word_1_376' title='bbox 949 2299 1189 2358; x_wconf 89' lang='lat' dir='ltr'>quomodo</span> <span class='ocrx_word' id='word_1_377' title='bbox 1232 2306 1467 2346; x_wconf 82' lang='lat' dir='ltr'>crescunt:</span> <span class='ocrx_word' id='word_1_378' title='bbox 1519 2314 1617 2345; x_wconf 92' lang='lat' dir='ltr'>non</span> <span class='ocrx_word' id='word_1_379' title='bbox 1661 2299 1897 2355; x_wconf 85' lang='lat' dir='ltr'>laborant,</span> <span class='ocrx_word' id='word_1_380' title='bbox 1939 2313 2089 2359; x_wconf 89' lang='lat' dir='ltr'>nequ</span> 
     </span>
     <span class='ocr_line' id='line_1_37' title="bbox 161 2355 2094 2424; baseline 0.003 -24"><span class='ocrx_word' id='word_1_381' title='bbox 161 2360 300 2424; x_wconf 76' lang='lat' dir='ltr'>nent:</span> <span class='ocrx_word' id='word_1_382' title='bbox 343 2355 447 2402; x_wconf 87' lang='lat' dir='ltr'>dieo</span> <span class='ocrx_word' id='word_1_383' title='bbox 479 2362 641 2403; x_wconf 84' lang='lat' dir='ltr'>autem</span> <span class='ocrx_word' id='word_1_384' title='bbox 672 2357 819 2414; x_wconf 89' lang='lat' dir='ltr'>vobis,</span> <span class='ocrx_word' id='word_1_385' title='bbox 863 2375 947 2404; x_wconf 86' lang='lat' dir='ltr'>nec</span> <span class='ocrx_word' id='word_1_386' title='bbox 990 2360 1214 2405; x_wconf 73' lang='lat' dir='ltr'>Salomon</span> <span class='ocrx_word' id='word_1_387' title='bbox 1250 2360 1298 2406; x_wconf 88' lang='lat' dir='ltr'>in</span> <span class='ocrx_word' id='word_1_388' title='bbox 1334 2362 1467 2407; x_wconf 89' lang='lat' dir='ltr'>omni</span> <span class='ocrx_word' id='word_1_389' title='bbox 1501 2361 1656 2420; x_wconf 87' lang='lat' dir='ltr'>gloria</span> <span class='ocrx_word' id='word_1_390' title='bbox 1686 2375 1775 2406; x_wconf 86' lang='lat' dir='ltr'>sua</span> <span class='ocrx_word' id='word_1_391' title='bbox 1805 2359 2094 2406; x_wconf 86' lang='lat' dir='ltr'>vestiebatu</span> 
     </span>
     <span class='ocr_line' id='line_1_38' title="bbox 161 2419 2095 2482; baseline 0.004 -22"><span class='ocrx_word' id='word_1_392' title='bbox 161 2420 284 2462; x_wconf 74' lang='lat' dir='ltr'>srcut</span> <span class='ocrx_word' id='word_1_393' title='bbox 303 2431 457 2462; x_wconf 87' lang='lat' dir='ltr'>unum</span> <span class='ocrx_word' id='word_1_394' title='bbox 479 2432 538 2463; x_wconf 89' lang='lat' dir='ltr'>ex</span> <span class='ocrx_word' id='word_1_395' title='bbox 571 2419 683 2464; x_wconf 89' lang='lat' dir='ltr'>istis.</span> <span class='ocrx_word' id='word_1_396' title='bbox 747 2420 815 2464; x_wconf 87' lang='lat'>28.</span> <span class='ocrx_word' id='word_1_397' title='bbox 849 2419 897 2465; x_wconf 84' lang='lat' dir='ltr'>Si</span> <span class='ocrx_word' id='word_1_398' title='bbox 931 2426 1091 2465; x_wconf 83' lang='lat' dir='ltr'>autem</span> <span class='ocrx_word' id='word_1_399' title='bbox 1126 2423 1334 2478; x_wconf 84' lang='lat' dir='ltr'>foenum,</span> <span class='ocrx_word' id='word_1_400' title='bbox 1367 2422 1495 2482; x_wconf 87' lang='lat' dir='ltr'>quod</span> <span class='ocrx_word' id='word_1_401' title='bbox 1530 2422 1674 2468; x_wconf 89' lang='lat' dir='ltr'>hodie</span> <span class='ocrx_word' id='word_1_402' title='bbox 1706 2426 1774 2467; x_wconf 88' lang='lat' dir='ltr'>est</span> <span class='ocrx_word' id='word_1_403' title='bbox 1806 2421 1858 2467; x_wconf 91' lang='lat' dir='ltr'>in</span> <span class='ocrx_word' id='word_1_404' title='bbox 1890 2435 2020 2479; x_wconf 83' lang='lat' dir='ltr'>agro,</span> <span class='ocrx_word' id='word_1_405' title='bbox 2059 2430 2095 2461; x_wconf 57' lang='grc' dir='ltr'>ν’</span> 
     </span>
     <span class='ocr_line' id='line_1_39' title="bbox 161 2476 2059 2543; baseline 0.003 -22"><span class='ocrx_word' id='word_1_406' title='bbox 161 2491 262 2522; x_wconf 86' lang='lat' dir='ltr'>cras</span> <span class='ocrx_word' id='word_1_407' title='bbox 285 2476 336 2521; x_wconf 89' lang='lat' dir='ltr'>in</span> <span class='ocrx_word' id='word_1_408' title='bbox 358 2477 622 2524; x_wconf 87' lang='lat' dir='ltr'>eilibanum</span> <span class='ocrx_word' id='word_1_409' title='bbox 646 2480 867 2536; x_wconf 88' lang='lat' dir='ltr'>mittitur,</span> <span class='ocrx_word' id='word_1_410' title='bbox 907 2481 1034 2526; x_wconf 87' lang='lat' dir='ltr'>Deus</span> <span class='ocrx_word' id='word_1_411' title='bbox 1067 2483 1133 2527; x_wconf 85' lang='lat' dir='ltr'>sic</span> <span class='ocrx_word' id='word_1_412' title='bbox 1168 2484 1328 2528; x_wconf 79' lang='lat' dir='ltr'>vestit:</span> <span class='ocrx_word' id='word_1_413' title='bbox 1363 2488 1546 2543; x_wconf 83' lang='lat' dir='ltr'>quanto</span> <span class='ocrx_word' id='word_1_414' title='bbox 1581 2483 1736 2543; x_wconf 87' lang='lat' dir='ltr'>magis</span> <span class='ocrx_word' id='word_1_415' title='bbox 1774 2497 1857 2528; x_wconf 91' lang='lat' dir='ltr'>vos</span> <span class='ocrx_word' id='word_1_416' title='bbox 1893 2481 2059 2542; x_wconf 83' lang='lat' dir='ltr'>pusill</span> 
     </span>
     <span class='ocr_line' id='line_1_40' title="bbox 162 2535 2080 2606; baseline 0.004 -25"><span class='ocrx_word' id='word_1_417' title='bbox 162 2535 308 2606; x_wconf 62' lang='lat' dir='ltr'>fidei?</span> <span class='ocrx_word' id='word_1_418' title='bbox 344 2539 438 2606; x_wconf 34' lang='lat'>⁸29.</span> <span class='ocrx_word' id='word_1_419' title='bbox 475 2538 534 2584; x_wconf 84' lang='lat' dir='ltr'>Et</span> <span class='ocrx_word' id='word_1_420' title='bbox 565 2554 648 2585; x_wconf 85' lang='lat' dir='ltr'>vos</span> <span class='ocrx_word' id='word_1_421' title='bbox 670 2540 815 2585; x_wconf 90' lang='lat' dir='ltr'>nolite</span> <span class='ocrx_word' id='word_1_422' title='bbox 839 2557 1063 2601; x_wconf 82' lang='lat' dir='ltr'>quaerere</span> <span class='ocrx_word' id='word_1_423' title='bbox 1085 2544 1202 2602; x_wconf 91' lang='lat' dir='ltr'>quid</span> <span class='ocrx_word' id='word_1_424' title='bbox 1228 2545 1540 2599; x_wconf 81' lang='lat' dir='ltr'>manducetis,</span> <span class='ocrx_word' id='word_1_425' title='bbox 1574 2549 1658 2589; x_wconf 88' lang='lat' dir='ltr'>aut</span> <span class='ocrx_word' id='word_1_426' title='bbox 1680 2543 1799 2604; x_wconf 90' lang='lat' dir='ltr'>quid</span> <span class='ocrx_word' id='word_1_427' title='bbox 1823 2541 2019 2589; x_wconf 83' lang='lat' dir='ltr'>bibatis:</span> <span class='ocrx_word' id='word_1_428' title='bbox 2060 2562 2080 2583; x_wconf 62' lang='grc' dir='ltr'><strong>κ</strong></span> 
     </span>
     <span class='ocr_line' id='line_1_41' title="bbox 160 2597 2091 2664; baseline 0.004 -22"><span class='ocrx_word' id='word_1_429' title='bbox 160 2597 309 2643; x_wconf 88' lang='grc'><strong>1101110</strong></span> <span class='ocrx_word' id='word_1_430' title='bbox 340 2613 390 2643; x_wconf 89' lang='grc'>111</span> <span class='ocrx_word' id='word_1_431' title='bbox 423 2599 627 2646; x_wconf 89' lang='lat' dir='ltr'>sublime</span> <span class='ocrx_word' id='word_1_432' title='bbox 649 2601 772 2646; x_wconf 87' lang='lat' dir='ltr'>tolli:</span> <span class='ocrx_word' id='word_1_433' title='bbox 790 2601 818 2626; x_wconf 80' lang='lat'>¹⁶</span> <span class='ocrx_word' id='word_1_434' title='bbox 880 2604 949 2647; x_wconf 84' lang='lat'>30.</span> <span class='ocrx_word' id='word_1_435' title='bbox 984 2603 1099 2648; x_wconf 84' lang='lat' dir='ltr'>haec</span> <span class='ocrx_word' id='word_1_436' title='bbox 1121 2605 1250 2649; x_wconf 86' lang='lat' dir='ltr'>enim</span> <span class='ocrx_word' id='word_1_437' title='bbox 1275 2606 1439 2650; x_wconf 86' lang='lat' dir='ltr'>omnia</span> <span class='ocrx_word' id='word_1_438' title='bbox 1461 2610 1625 2664; x_wconf 84' lang='lat' dir='ltr'>gentes</span> <span class='ocrx_word' id='word_1_439' title='bbox 1647 2603 1820 2650; x_wconf 88' lang='lat' dir='ltr'>mundi</span> <span class='ocrx_word' id='word_1_440' title='bbox 1844 2617 2091 2664; x_wconf 87' lang='lat' dir='ltr'>quaerun</span> 
     </span>
     <span class='ocr_line' id='line_1_42' title="bbox 163 2657 2082 2727; baseline 0.004 -24"><span class='ocrx_word' id='word_1_441' title='bbox 163 2657 503 2727; x_wconf 40' lang='lat' dir='ltr'>Pater-autem</span> <span class='ocrx_word' id='word_1_442' title='bbox 546 2667 697 2706; x_wconf 80' lang='lat' dir='ltr'>vester</span> <span class='ocrx_word' id='word_1_443' title='bbox 749 2663 836 2707; x_wconf 90' lang='lat' dir='ltr'>scit</span> <span class='ocrx_word' id='word_1_444' title='bbox 893 2665 1123 2723; x_wconf 88' lang='lat' dir='ltr'>quoniam</span> <span class='ocrx_word' id='word_1_445' title='bbox 1183 2666 1259 2711; x_wconf 89' lang='lat' dir='ltr'>his</span> <span class='ocrx_word' id='word_1_446' title='bbox 1316 2666 1556 2725; x_wconf 80' lang='lat' dir='ltr'>indigetis.</span> <span class='ocrx_word' id='word_1_447' title='bbox 1621 2667 1693 2712; x_wconf 88' lang='lat'>31.</span> <span class='ocrx_word' id='word_1_448' title='bbox 1748 2666 2082 2712; x_wconf 78' lang='lat' dir='ltr'>Verumtam-</span> 
     </span>
     <span class='ocr_line' id='line_1_43' title="bbox 161 2720 2080 2786; baseline 0.004 -22"><span class='ocrx_word' id='word_1_449' title='bbox 161 2724 376 2781; x_wconf 82' lang='lat' dir='ltr'>quaerite</span> <span class='ocrx_word' id='word_1_450' title='bbox 399 2720 608 2777; x_wconf 78' lang='lat' dir='ltr'>primum</span> <span class='ocrx_word' id='word_1_451' title='bbox 632 2737 832 2780; x_wconf 84' lang='lat' dir='ltr'>regnum</span> <span class='ocrx_word' id='word_1_452' title='bbox 860 2724 959 2779; x_wconf 88' lang='lat' dir='ltr'>Dei,</span> <span class='ocrx_word' id='word_1_453' title='bbox 992 2731 1037 2769; x_wconf 89' lang='lat' dir='ltr'>et</span> <span class='ocrx_word' id='word_1_454' title='bbox 1063 2726 1301 2783; x_wconf 81' lang='lat' dir='ltr'>justitiam</span> <span class='ocrx_word' id='word_1_455' title='bbox 1325 2728 1444 2785; x_wconf 87' lang='lat' dir='ltr'>ejus:</span> <span class='ocrx_word' id='word_1_456' title='bbox 1479 2733 1522 2773; x_wconf 83' lang='lat' dir='ltr'>et</span> <span class='ocrx_word' id='word_1_457' title='bbox 1547 2727 1664 2772; x_wconf 89' lang='lat' dir='ltr'>haec</span> <span class='ocrx_word' id='word_1_458' title='bbox 1686 2727 1852 2772; x_wconf 86' lang='lat' dir='ltr'>omnia</span> <span class='ocrx_word' id='word_1_459' title='bbox 1873 2724 2080 2786; x_wconf 82' lang='lat' dir='ltr'>adjicien</span> 
     </span>
     <span class='ocr_line' id='line_1_44' title="bbox 161 2779 2080 2847; baseline 0.004 -23"><span class='ocrx_word' id='word_1_460' title='bbox 161 2783 242 2825; x_wconf 86' lang='lat' dir='ltr'>tur</span> <span class='ocrx_word' id='word_1_461' title='bbox 278 2779 423 2825; x_wconf 92' lang='lat' dir='ltr'>vobis.</span> <span class='ocrx_word' id='word_1_462' title='bbox 488 2781 556 2826; x_wconf 81' lang='lat'>32.</span> <span class='ocrx_word' id='word_1_463' title='bbox 612 2782 768 2828; x_wconf 87' lang='lat' dir='ltr'>Nolite</span> <span class='ocrx_word' id='word_1_464' title='bbox 810 2785 977 2829; x_wconf 85' lang='lat' dir='ltr'>timere</span> <span class='ocrx_word' id='word_1_465' title='bbox 1015 2787 1218 2844; x_wconf 90' lang='lat' dir='ltr'>pusillus</span> <span class='ocrx_word' id='word_1_466' title='bbox 1260 2787 1431 2846; x_wconf 85' lang='lat' dir='ltr'>grex‚¹⁷</span> <span class='ocrx_word' id='word_1_467' title='bbox 1473 2789 1589 2847; x_wconf 82' lang='lat' dir='ltr'>quia</span> <span class='ocrx_word' id='word_1_468' title='bbox 1632 2787 1923 2847; x_wconf 85' lang='lat' dir='ltr'>complacuit</span> <span class='ocrx_word' id='word_1_469' title='bbox 1966 2785 2080 2832; x_wconf 83' lang='lat' dir='ltr'>Pat-</span> 
     </span>
     <span class='ocr_line' id='line_1_45' title="bbox 160 2840 2084 2908; baseline 0.005 -24"><span class='ocrx_word' id='word_1_470' title='bbox 160 2843 316 2885; x_wconf 85' lang='lat' dir='ltr'>vestro</span> <span class='ocrx_word' id='word_1_471' title='bbox 349 2840 461 2886; x_wconf 84' lang='lat' dir='ltr'>dare</span> <span class='ocrx_word' id='word_1_472' title='bbox 493 2841 627 2888; x_wconf 88' lang='lat' dir='ltr'>vobis</span> <span class='ocrx_word' id='word_1_473' title='bbox 653 2859 867 2902; x_wconf 88' lang='lat' dir='ltr'>regnum.</span> <span class='ocrx_word' id='word_1_474' title='bbox 931 2847 1000 2891; x_wconf 85' lang='lat'>33.</span> <span class='ocrx_word' id='word_1_475' title='bbox 1035 2846 1242 2892; x_wconf 85' lang='lat' dir='ltr'>Vendite</span> <span class='ocrx_word' id='word_1_476' title='bbox 1277 2864 1398 2907; x_wconf 86' lang='lat' dir='ltr'>quae</span> <span class='ocrx_word' id='word_1_477' title='bbox 1431 2847 1734 2908; x_wconf 82' lang='lat' dir='ltr'>possidetis,¹⁸</span> <span class='ocrx_word' id='word_1_478' title='bbox 1764 2854 1810 2894; x_wconf 87' lang='lat' dir='ltr'>et</span> <span class='ocrx_word' id='word_1_479' title='bbox 1841 2848 1951 2894; x_wconf 84' lang='lat' dir='ltr'>date</span> <span class='ocrx_word' id='word_1_480' title='bbox 1983 2846 2084 2894; x_wconf 76' lang='lat' dir='ltr'>el=·-.</span> 
     </span>
     <span class='ocr_line' id='line_1_46' title="bbox 160 2901 2053 2967; baseline 0.003 -20"><span class='ocrx_word' id='word_1_481' title='bbox 160 2915 389 2960; x_wconf 84' lang='lat' dir='ltr'>mosyam.</span> <span class='ocrx_word' id='word_1_482' title='bbox 455 2901 616 2948; x_wconf 86' lang='lat' dir='ltr'>Facite</span> <span class='ocrx_word' id='word_1_483' title='bbox 640 2904 772 2949; x_wconf 88' lang='lat' dir='ltr'>vobis</span> <span class='ocrx_word' id='word_1_484' title='bbox 794 2906 1014 2962; x_wconf 85' lang='lat' dir='ltr'>sacculos,</span> <span class='ocrx_word' id='word_1_485' title='bbox 1027 2906 1056 2932; x_wconf 74' lang='lat'>¹⁹</span> <span class='ocrx_word' id='word_1_486' title='bbox 1087 2909 1169 2967; x_wconf 88' lang='lat' dir='ltr'>qui</span> <span class='ocrx_word' id='word_1_487' title='bbox 1205 2924 1301 2954; x_wconf 89' lang='grc'><strong>11011</strong></span> <span class='ocrx_word' id='word_1_488' title='bbox 1335 2915 1650 2966; x_wconf 85' lang='lat' dir='ltr'>veterascunt,</span> <span class='ocrx_word' id='word_1_489' title='bbox 1682 2909 1966 2955; x_wconf 82' lang='lat' dir='ltr'>thesaurum</span> <span class='ocrx_word' id='word_1_490' title='bbox 1998 2924 2053 2953; x_wconf 85' lang='lat' dir='ltr'>n·</span> 
     </span>
     <span class='ocr_line' id='line_1_47' title="bbox 161 2959 2083 3031; baseline 0.006 -24"><span class='ocrx_word' id='word_1_491' title='bbox 161 2959 542 3031; x_wconf 20' lang='lat' dir='ltr'>deficientemtin</span> <span class='ocrx_word' id='word_1_492' title='bbox 575 2963 734 3010; x_wconf 83' lang='lat' dir='ltr'>caelis:</span> <span class='ocrx_word' id='word_1_493' title='bbox 779 2981 872 3025; x_wconf 89' lang='lat' dir='ltr'>quo</span> <span class='ocrx_word' id='word_1_494' title='bbox 916 2967 991 3011; x_wconf 89' lang='lat' dir='ltr'>fur</span> <span class='ocrx_word' id='word_1_495' title='bbox 1034 2983 1130 3013; x_wconf 88' lang='lat' dir='ltr'>non</span> <span class='ocrx_word' id='word_1_496' title='bbox 1163 2971 1427 3030; x_wconf 81' lang='lat' dir='ltr'>appropiat,</span> <span class='ocrx_word' id='word_1_497' title='bbox 1470 2986 1626 3030; x_wconf 89' lang='lat' dir='ltr'>neque</span> <span class='ocrx_word' id='word_1_498' title='bbox 1658 2970 1789 3016; x_wconf 84' lang='lat' dir='ltr'>tinea</span> <span class='ocrx_word' id='word_1_499' title='bbox 1820 2983 2010 3017; x_wconf 85' lang='lat' dir='ltr'>corrum</span> <span class='ocrx_word' id='word_1_500' title='bbox 2047 2968 2083 3015; x_wconf 81' lang='lat' dir='ltr'>i</span> 
     </span>
     <span class='ocr_line' id='line_1_48' title="bbox 160 3020 2079 3091; baseline 0.006 -25"><span class='ocrx_word' id='word_1_501' title='bbox 160 3021 233 3067; x_wconf 87' lang='lat'>34.</span> <span class='ocrx_word' id='word_1_502' title='bbox 271 3020 367 3091; x_wconf 76' lang='lat' dir='ltr'>U.b¹</span> <span class='ocrx_word' id='word_1_503' title='bbox 406 3037 536 3068; x_wconf 77' lang='lat' dir='ltr'>enlm</span> <span class='ocrx_word' id='word_1_504' title='bbox 574 3023 824 3071; x_wconf 82' lang='lat' dir='ltr'>thesaurus</span> <span class='ocrx_word' id='word_1_505' title='bbox 859 3033 1010 3073; x_wconf 85' lang='lat' dir='ltr'>vester</span> <span class='ocrx_word' id='word_1_506' title='bbox 1046 3034 1127 3084; x_wconf 89' lang='lat' dir='ltr'>est,</span> <span class='ocrx_word' id='word_1_507' title='bbox 1166 3030 1230 3074; x_wconf 90' lang='lat' dir='ltr'>ibi</span> <span class='ocrx_word' id='word_1_508' title='bbox 1271 3037 1315 3075; x_wconf 89' lang='lat' dir='ltr'>et</span> <span class='ocrx_word' id='word_1_509' title='bbox 1350 3047 1429 3076; x_wconf 93' lang='lat' dir='ltr'>cor</span> <span class='ocrx_word' id='word_1_510' title='bbox 1463 3038 1676 3077; x_wconf 87' lang='lat' dir='ltr'>vestrum</span> <span class='ocrx_word' id='word_1_511' title='bbox 1711 3030 1815 3077; x_wconf 85' lang='lat' dir='ltr'>erit.</span> <span class='ocrx_word' id='word_1_512' title='bbox 1877 3030 1948 3077; x_wconf 85' lang='lat'>35.</span> <span class='ocrx_word' id='word_1_513' title='bbox 2026 3029 2079 3076; x_wconf 59' lang='grc' dir='ltr'>ὶ’</span> 
     </span>
     <span class='ocr_line' id='line_1_49' title="bbox 159 3080 2075 3145; baseline 0.006 -19"><span class='ocrx_word' id='word_1_514' title='bbox 159 3080 318 3130; x_wconf 75' lang='lat' dir='ltr'>lumbi</span> <span class='ocrx_word' id='word_1_515' title='bbox 361 3081 546 3129; x_wconf 71' lang='lat' dir='ltr'>vestri²⁰</span> <span class='ocrx_word' id='word_1_516' title='bbox 582 3086 852 3144; x_wconf 81' lang='lat' dir='ltr'>praecincti,</span> <span class='ocrx_word' id='word_1_517' title='bbox 896 3093 941 3132; x_wconf 91' lang='lat' dir='ltr'>et</span> <span class='ocrx_word' id='word_1_518' title='bbox 983 3088 1203 3135; x_wconf 87' lang='lat' dir='ltr'>lucernae</span> <span class='ocrx_word' id='word_1_519' title='bbox 1246 3092 1505 3137; x_wconf 84' lang='lat' dir='ltr'>ardentes²¹</span> <span class='ocrx_word' id='word_1_520' title='bbox 1549 3092 1600 3137; x_wconf 89' lang='lat' dir='ltr'>in</span> <span class='ocrx_word' id='word_1_521' title='bbox 1645 3090 1893 3145; x_wconf 62' lang='lat' dir='ltr'>manibus</span> <span class='ocrx_word' id='word_1_522' title='bbox 1914 3085 2075 3138; x_wconf 49' lang='lat' dir='ltr'>vesti-&#39;⁵&#39;</span> 
     </span>
     <span class='ocr_line' id='line_1_50' title="bbox 160 3142 2077 3223; baseline 0.006 -35"><span class='ocrx_word' id='word_1_523' title='bbox 160 3142 232 3188; x_wconf 68' lang='lat'>36.</span> <span class='ocrx_word' id='word_1_524' title='bbox 283 3147 332 3189; x_wconf 88' lang='lat' dir='ltr'>et</span> <span class='ocrx_word' id='word_1_525' title='bbox 373 3159 456 3190; x_wconf 90' lang='lat' dir='ltr'>vos</span> <span class='ocrx_word' id='word_1_526' title='bbox 498 3144 678 3214; x_wconf 75' lang='lat' dir='ltr'>similes</span> <span class='ocrx_word' id='word_1_527' title='bbox 715 3145 993 3193; x_wconf 90' lang='lat' dir='ltr'>hominibus</span> <span class='ocrx_word' id='word_1_528' title='bbox 1027 3152 1388 3208; x_wconf 81' lang='lat' dir='ltr'>expectantibus</span> <span class='ocrx_word' id='word_1_529' title='bbox 1426 3153 1682 3199; x_wconf 89' lang='lat' dir='ltr'>dominum</span> <span class='ocrx_word' id='word_1_530' title='bbox 1719 3167 1864 3199; x_wconf 90' lang='lat' dir='ltr'>suum</span> <span class='ocrx_word' id='word_1_531' title='bbox 1901 3166 2077 3223; x_wconf 79' lang='lat' dir='ltr'>quan·</span> 
     </span>
     <span class='ocr_line' id='line_1_51' title="bbox 160 3207 2063 3274; baseline 0.005 -25"><span class='ocrx_word' id='word_1_532' title='bbox 160 3207 425 3252; x_wconf 78' lang='lat' dir='ltr'>revertatur</span> <span class='ocrx_word' id='word_1_533' title='bbox 442 3219 470 3250; x_wconf 82' lang='lat' dir='ltr'>a</span> <span class='ocrx_word' id='word_1_534' title='bbox 487 3210 689 3274; x_wconf 86' lang='lat' dir='ltr'>nuptus:</span> <span class='ocrx_word' id='word_1_535' title='bbox 723 3211 789 3261; x_wconf 90' lang='lat' dir='ltr'>ut,</span> <span class='ocrx_word' id='word_1_536' title='bbox 813 3223 921 3253; x_wconf 88' lang='lat' dir='ltr'>cum</span> <span class='ocrx_word' id='word_1_537' title='bbox 947 3211 1142 3265; x_wconf 83' lang='lat' dir='ltr'>venerit,</span> <span class='ocrx_word' id='word_1_538' title='bbox 1165 3216 1211 3256; x_wconf 88' lang='lat' dir='ltr'>ct</span> <span class='ocrx_word' id='word_1_539' title='bbox 1234 3212 1508 3271; x_wconf 83' lang='lat' dir='ltr'>pulsaverit,</span> <span class='ocrx_word' id='word_1_540' title='bbox 1531 3214 1779 3259; x_wconf 87' lang='lat' dir='ltr'>confestim</span> <span class='ocrx_word' id='word_1_541' title='bbox 1798 3214 2019 3273; x_wconf 78' lang='lat' dir='ltr'>aperiant</span> <span class='ocrx_word' id='word_1_542' title='bbox 2061 3226 2063 3229; x_wconf 87' lang='lat'>·</span> 
     </span>
     <span class='ocr_line' id='line_1_52' title="bbox 163 3262 2065 3334; baseline 0.006 -25"><span class='ocrx_word' id='word_1_543' title='bbox 163 3262 235 3311; x_wconf 83' lang='lat'>37.</span> <span class='ocrx_word' id='word_1_544' title='bbox 279 3262 414 3334; x_wconf 77' lang='lat' dir='ltr'>Beati</span> <span class='ocrx_word' id='word_1_545' title='bbox 451 3265 698 3334; x_wconf 56' lang='lat' dir='ltr'>servrilli,</span> <span class='ocrx_word' id='word_1_546' title='bbox 740 3282 858 3327; x_wconf 87' lang='lat' dir='ltr'>quos</span> <span class='ocrx_word' id='word_1_547' title='bbox 894 3283 1004 3314; x_wconf 89' lang='lat' dir='ltr'>cum</span> <span class='ocrx_word' id='word_1_548' title='bbox 1040 3273 1224 3316; x_wconf 86' lang='lat' dir='ltr'>venerit</span> <span class='ocrx_word' id='word_1_549' title='bbox 1261 3273 1501 3328; x_wconf 86' lang='lat' dir='ltr'>dominus,</span> <span class='ocrx_word' id='word_1_550' title='bbox 1539 3274 1780 3320; x_wconf 87' lang='lat' dir='ltr'>invenerit</span> <span class='ocrx_word' id='word_1_551' title='bbox 1815 3273 2002 3334; x_wconf 82' lang='lat' dir='ltr'>vigilan</span> <span class='ocrx_word' id='word_1_552' title='bbox 2035 3293 2065 3312; x_wconf 70' lang='grc' dir='ltr'>ι.</span> 
     </span>
     <span class='ocr_line' id='line_1_53' title="bbox 161 3325 2051 3392; baseline 0.006 -20"><span class='ocrx_word' id='word_1_553' title='bbox 161 3338 303 3372; x_wconf 72' lang='lat' dir='ltr'>amen</span> <span class='ocrx_word' id='word_1_554' title='bbox 343 3325 448 3375; x_wconf 78' lang='lat' dir='ltr'>dico</span> <span class='ocrx_word' id='word_1_555' title='bbox 485 3325 632 3384; x_wconf 74' lang='lat' dir='ltr'>vobis,</span> <span class='ocrx_word' id='word_1_556' title='bbox 675 3327 803 3389; x_wconf 89' lang='lat' dir='ltr'>quod</span> <span class='ocrx_word' id='word_1_557' title='bbox 840 3330 1112 3391; x_wconf 86' lang='lat' dir='ltr'>praecinget</span> <span class='ocrx_word' id='word_1_558' title='bbox 1152 3332 1254 3390; x_wconf 81' lang='lat' dir='ltr'>se,²²</span> <span class='ocrx_word' id='word_1_559' title='bbox 1295 3339 1341 3381; x_wconf 90' lang='lat' dir='ltr'>et</span> <span class='ocrx_word' id='word_1_560' title='bbox 1383 3335 1521 3382; x_wconf 82' lang='lat' dir='ltr'>faciet</span> <span class='ocrx_word' id='word_1_561' title='bbox 1558 3333 1667 3382; x_wconf 86' lang='lat' dir='ltr'>illos</span> <span class='ocrx_word' id='word_1_562' title='bbox 1703 3333 2017 3392; x_wconf 80' lang='lat' dir='ltr'>discumbere,</span> <span class='ocrx_word' id='word_1_563' title='bbox 2046 3336 2051 3341; x_wconf 80' lang='grc'><strong>’</strong></span> 
     </span>
    </p>
   </div>
   <div class='ocr_carea' id='block_1_4' title="bbox 2043 1289 2106 3263">
    <p class='ocr_par' dir='ltr' id='par_1_4' title="bbox 2043 1289 2106 3263">
     <span class='ocr_line' id='line_1_54' title="bbox 2097 1289 2106 1473; baseline 0 0"><span class='ocrx_word' id='word_1_564' title='bbox 2097 1289 2106 1473; x_wconf 95' lang='lat' dir='ltr'>   </span> 
     </span>
     <span class='ocr_line' id='line_1_55' title="bbox 2071 1473 2106 1594; baseline 0.029 -1"><span class='ocrx_word' id='word_1_565' title='bbox 2071 1473 2106 1594; x_wconf 95' lang='lat' dir='ltr'>    </span> 
     </span>
     <span class='ocr_line' id='line_1_56' title="bbox 2093 1594 2106 1718; baseline 0 0"><span class='ocrx_word' id='word_1_566' title='bbox 2093 1594 2106 1718; x_wconf 95' lang='lat' dir='ltr'>  </span> 
     </span>
     <span class='ocr_line' id='line_1_57' title="bbox 2064 1718 2106 1902; baseline 0.024 -62"><span class='ocrx_word' id='word_1_567' title='bbox 2064 1718 2106 1902; x_wconf 95' lang='lat' dir='ltr'>    </span> 
     </span>
     <span class='ocr_line' id='line_1_58' title="bbox 2044 1902 2106 2022; baseline -0.032 -59"><span class='ocrx_word' id='word_1_568' title='bbox 2044 1902 2106 2022; x_wconf 95' lang='lat' dir='ltr'>   </span> 
     </span>
     <span class='ocr_line' id='line_1_59' title="bbox 2083 2022 2106 2147; baseline 0 0"><span class='ocrx_word' id='word_1_569' title='bbox 2083 2022 2106 2147; x_wconf 95' lang='lat' dir='ltr'>  </span> 
     </span>
     <span class='ocr_line' id='line_1_60' title="bbox 2067 2147 2106 2331; baseline 0.231 -9"><span class='ocrx_word' id='word_1_570' title='bbox 2067 2147 2106 2331; x_wconf 95' lang='lat' dir='ltr'>     </span> 
     </span>
     <span class='ocr_line' id='line_1_61' title="bbox 2044 2331 2106 2513; baseline 0 0"><span class='ocrx_word' id='word_1_571' title='bbox 2044 2331 2106 2513; x_wconf 95' lang='lat' dir='ltr'>   </span> 
     </span>
     <span class='ocr_line' id='line_1_62' title="bbox 2043 2513 2106 2684; baseline 0 -120"><span class='ocrx_word' id='word_1_572' title='bbox 2043 2513 2106 2684; x_wconf 95' lang='lat' dir='ltr'>    </span> 
     </span>
     <span class='ocr_line' id='line_1_63' title="bbox 2080 2684 2106 2759; baseline 0 -62"><span class='ocrx_word' id='word_1_573' title='bbox 2080 2684 2106 2759; x_wconf 95' lang='lat' dir='ltr'>  </span> 
     </span>
     <span class='ocr_line' id='line_1_64' title="bbox 2052 2759 2106 3000; baseline 0 -132"><span class='ocrx_word' id='word_1_574' title='bbox 2052 2759 2106 3000; x_wconf 95' lang='lat' dir='ltr'>      </span> 
     </span>
     <span class='ocr_line' id='line_1_65' title="bbox 2043 3000 2106 3117; baseline 0 -49"><span class='ocrx_word' id='word_1_575' title='bbox 2043 3000 2106 3117; x_wconf 95' lang='lat' dir='ltr'>   </span> 
     </span>
     <span class='ocr_line' id='line_1_66' title="bbox 2055 3117 2106 3263; baseline 0 0"><span class='ocrx_word' id='word_1_576' title='bbox 2055 3117 2106 3263; x_wconf 95' lang='lat' dir='ltr'>  </span> 
     </span>
    </p>
   </div>
  </div>
 </body>
</html>
