2106 3554
167 185 251 226 342

170 332 319 376 usque
351 316 411 361 ad
444 311 668 373 tempus.⁸
730 311 797 356 14.
841 309 902 354 Et
934 321 1169 367 regressus
1202 309 1271 351 est
1303 304 1441 350 Jesus
1475 303 1527 348 in
1562 302 1743 348 virtute
1775 301 2008 363 Spiritus.⁴
2037 302 2099 350 ἰή

170 375 470 429 Galilaeam,⁵
500 380 545 419 et
577 374 704 418 fama
737 371 855 416 exiit
876 384 958 429 per
980 369 1254 413 universam
1278 365 1522 424 regionem
1546 363 1604 410 de
1627 363 1724 409 illo.
1789 363 1861 409 15.
1899 362 1959 410 Et
1988 363 2093 426 ipse

169 437 364 484 docebat
397 437 448 480 in
485 433 735 494 synagogis
772 445 949 484 eorum,
991 434 1037 474 et
1069 426 1471 486 magnificabatur
1505 425 1566 470 ab
1600 422 1840 470 omnibus.
1903 425 1975 495 163
2029 424 2094 471 Et

169 497 301 544 venit
322 494 592 550 Nazareth,⁶
622 493 705 538 ubi
737 494 840 538 erat*
858 490 1080 544 nutritus,
1115 494 1160 534 et
1181 487 1384 532 intravit
1404 485 1671 531 secundum
1693 485 2091 533 consuetudinem

168 573 304 604 suam
327 557 402 602 die
423 555 605 600 sabbati
628 555 679 599 in
701 566 1007 612 synagogam,
1042 555 1087 595 et
1123 549 1331 594 surrexit
1354 546 1545 605 lcgere.⁷
1608 548 1678 594 17.
1712 546 1782 606 Et⁴
1794 546 2003 593 traditus
2023 551 2094 594 est

167 618 241 663 illi
265 617 404 662 Liber
446 616 594 660 Isaiae
616 614 882 674 prophetae.
947 612 1008 656 Et
1042 615 1096 655 ut
1118 609 1322 655 revolvit
1343 608 1539 663 librum,
1574 607 1766 653 invenit
1787 606 1974 654 locum⁸
2005 607 2092 654 ubi

168 678 395 737 scriptum
428 682 544 722 erat:
610 677 677 720 18.
730 674 935 732 Spiritus
979 671 1174 716 Domini
1211 685 1351 729 super
1388 668 1511 714 me:⁹
1552 673 1746 728 propter
1782 668 1913 728 quod
1946 669 2094 715 unxit

168 754 256 794 me,
269 738 298 762 ¹⁰
346 737 668 796 evangelizare
711 733 999 793 pauperibus
1053 731 1185 776 misit
1240 729 1366 784 inc,¹¹
1419 745 1588 774 sanare
1631 729 1859 775 contritos
1901 729 2095 785 corde,¹²

169 801 238 844 19.
270 799 540 858 praedicare
568 796 766 855 captivis
789 791 1169 847 remissionem‚¹³
1200 797 1245 837 et
1277 791 1425 836 caecis
1458 790 1677 846 visum‚¹⁴
1709 790 1953 837 dimittere
1985 805 2094 837 con-

168 860 334 904 fractos
355 860 406 903 in
430 855 804 910 remissionem‚¹⁵
836 855 1106 915 praedicare
1127 868 1313 898 annum
1341 852 1535 896 Domini
1549 851 1578 875 ¹⁶
1609 857 1872 911 acceptum,
1894 857 1940 898 et
1961 851 2090 898 diem

168 920 501 965 retributionis.
514 918 542 943 ¹⁷
604 919 672 962 20.
707 918 767 962 Et
789 932 898 961 cum
922 916 1161 974 plicuisset
1184 914 1378 966 librum,
1401 913 1612 958 reddidit
1634 913 1870 968 ministro,
1892 918 1939 959 et
1959 913 2094 959 sedit.

169 980 230 1026 Et
262 980 479 1025 omnium
515 979 564 1023 in
602 993 843 1037 synagoga
879 975 1003 1021 oculi
1039 981 1175 1020 erant
1209 974 1512 1019 intendentes
1546 974 1594 1018 in
1633 989 1758 1019 euin.
1822 975 1894 1019 21.
1928 973 2095 1034 Coepit

167 1045 326 1086 autem
349 1041 501 1085 dicere
523 1040 583 1084 ad
606 1039 729 1083 illos:
764 1031 889 1092 Quia
911 1037 1052 1082 hodie
1071 1036 1268 1094 impleta
1286 1034 1393 1080 est¹⁸
1426 1035 1542 1080 haec
1559 1035 1796 1094 scriptura
1817 1035 1868 1080 iu
1892 1034 2096 1081 auribus

167 1101 343 1146 vestris.
408 1102 475 1145 22.
511 1101 571 1145 Et
599 1115 762 1144 omncs
784 1098 1110 1144 testimonium
1135 1097 1207 1141 illi
1232 1096 1432 1141 dabant:
1467 1102 1512 1140 et
1536 1095 1840 1142 mirabantur
1861 1096 1912 1142 in
1936 1095 2096 1143 verbis

199 1160 397 1216 ratiae,¹⁹
472 1177 559 1206 uae
592 1160 906 1219 procedebant
947 1159 1005 1203 de
1039 1174 1116 1203 ore
1155 1158 1316 1217 ipsius,
1359 1163 1404 1202 et
1426 1157 1670 1202 dicebant:
1715 1157 1888 1203 Nonne
1924 1157 2006 1203 hic
2027 1162 2097 1203 est

203 1222 295 1267 lius
317 1223 454 1281 Joscp
473 1224 524 1266 1‘?
587 1222 655 1266 23.
690 1221 748 1265 Et
771 1221 838 1266 ait
860 1220 974 1264 illis:
1010 1220 1188 1278 Utique
1211 1218 1376 1263 dicetis
1400 1217 1521 1262 mihi
1546 1218 1673 1263 hanc
1695 1217 2092 1264 similitudinem:

167 1282 348 1328 Mediee
371 1298 482 1328 cura
503 1282 768 1341 teipsum:²⁰
799 1286 980 1340 quanta
1003 1280 1281 1325 audivimus
1303 1280 1425 1324 facta
1435 1278 1462 1302 ²¹
1497 1279 1549 1324 in
1572 1278 1931 1334 Canharnaum,
1952 1279 2027 1325 fac
2048 1284 2099 1326 et

168 1342 248 1388 hie
269 1343 320 1388 in
343 1345 497 1403 patria
518 1349 612 1388 tua.
661 1344 730 1387 24.
754 1342 837 1387 Ait
859 1349 1042 1387 autem:
1078 1341 1233 1386 Amen
1258 1341 1363 1386 dico
1387 1340 1535 1395 vobis,
1558 1341 1675 1400 quia
1697 1355 1839 1386 nemo
1861 1339 2098 1410 propheta

168 1409 384 1463 acceptus
405 1404 511 1449 est²²
544 1404 592 1448 in
626 1404 776 1462 patria
805 1419 902 1448 sua.
968 1403 1035 1447 25.
1071 1402 1128 1446 In
1163 1402 1361 1447 veritate
1393 1401 1500 1446 dico
1533 1401 1682 1457 vobis,
1714 1401 1899 1448 multae
1920 1401 2099 1449 viduae

168 1470 304 1509 erant
325 1465 375 1509 in
400 1465 565 1510 diebus
588 1465 721 1509 Eliae
744 1465 795 1509 in
820 1463 979 1518 Israel,
1002 1463 1196 1522 quando
1220 1463 1435 1507 clausum
1462 1468 1530 1507 est
1552 1462 1739 1508 caelum
1762 1463 1906 1509 annis
1926 1462 2097 1518 tribus,

169 1530 214 1570 et
236 1525 478 1570 mensibus
500 1525 642 1570 sext²³
674 1541 779 1570 cum
817 1526 938 1570 facta
972 1529 1087 1568 esset
1121 1524 1269 1569 fames
1303 1539 1481 1581 magna
1504 1524 1554 1568 in
1578 1523 1711 1569 omni
1735 1529 1881 1570 terra:
1946 1525 2018 1570 26.
2050 1529 2099 1571 et

169 1585 228 1630 ad
246 1586 432 1631 nullam
451 1586 644 1631 illarum
664 1587 834 1631 missus
850 1591 917 1630 est
935 1586 1076 1639 Elias,
1095 1585 1184 1629 nisi
1213 1586 1261 1630 in
1281 1585 1478 1644 Sarepta
1495 1584 1734 1641 Sidoniae,
1755 1584 1817 1630 ad
1839 1584 2097 1632 mulierem

168 1646 380 1692 viduam.
444 1648 511 1693 27.
546 1647 606 1691 Et
638 1647 777 1692 multi
812 1647 978 1705 leprosi
1013 1652 1148 1691 erant
1180 1646 1230 1690 in
1256 1645 1400 1691 Israel
1435 1645 1524 1690 sub
1548 1645 1734 1691 Elisaeo
1766 1645 2017 1707 propheta:
2050 1650 2101 1693 et

171 1722 310 1752 nemo
342 1723 504 1752 eorum
537 1708 797 1752 mundatus
829 1713 897 1753 est
929 1707 1019 1751 nisi
1067 1707 1283 1752 Naaman
1328 1707 1488 1765 Syrus,
1553 1708 1623 1752 28.
1679 1706 1742 1752 Et
1783 1706 1951 1767 repleti
1982 1713 2100 1754 sunt

171 1779 333 1812 omnes
355 1768 405 1812 in
428 1783 668 1827 synagoga
691 1769 773 1824 ira,
796 1769 910 1813 haec
933 1768 1190 1813 audientes,
1257 1769 1325 1813 29.
1362 1768 1421 1813 Et
1443 1772 1768 1824 surrexerunt,
1791 1773 1838 1814 et
1857 1768 2100 1828 eJecerunt

172 1827 312 1873 illum
335 1834 466 1874 extra
489 1825 748 1875 civitatem:
783 1834 827 1874 et
848 1829 1091 1874 duxerunt
1109 1829 1249 1874 illum
1274 1845 1423 1888 usque
1445 1829 1505 1874 ad
1529 1828 1841 1889 supercilium
1865 1828 2102 1886 montis,²‘

171 1904 311 1948 super
352 1905 493 1948 quein
537 1890 704 1935 civitas
746 1890 938 1935 illorum
982 1895 1082 1935 erat
1135 1891 1383 1935 aedificata
1426 1895 1480 1935 ut
1522 1889 1892 1950 praecipitarent
1933 1890 2102 1937 eum?

172 1949 241 1994 30.
275 1949 379 2006 Ipse
411 1956 569 1995 autem
593 1951 826 1995 transiens
848 1966 930 2010 pcr
953 1951 1166 1995 medium
1191 1950 1444 2005 ἰΙΙΟῐΊιιη,28
1476 1951 1588 1996 ibat.
1653 1952 1723 1996 31.
1758 1951 1821 1996 Et
1851 1951 2100 1999 descendit

171 2010 223 2054 in
276 2010 610 2070 Capharnaum
658 2012 897 2056 civitatem
943 2011 1197 2066 Galilaeae,
1250 2012 1414 2072 ibique
1459 2012 1658 2058 docebat
1714 2011 1822 2057 illos
1873 2011 2097 2060 sabbatis.

173 2070 242 2116 32.
276 2070 337 2116 Et
367 2072 620 2131 stupebant
651 2072 702 2116 in
735 2072 950 2117 doctrina
982 2073 1093 2130 ojus,
1127 2073 1242 2132 quia
1275 2074 1326 2118 in
1362 2079 1589 2132 potestate
1622 2078 1723 2119 erat
1743 2088 1899 2118 sermo
1931 2073 2106 2134 ipsius.

173 2131 242 2176 33.
296 2131 357 2176 Et
398 2133 445 2176 in
491 2148 731 2191 synagoga
763 2139 861 2178 erat
893 2133 1078 2178 homo²⁷
1121 2134 1302 2178 liabens
1335 2135 1646 2179 daemonium
1681 2134 2011 2191 immundum,
2052 2140 2101 2183 et

173 2191 459 2238 exclamavit
480 2208 591 2238 voce
614 2210 802 2251 magna,
864 2195 933 2238 34.
967 2194 1147 2239 dicens:
1171 2195 1296 2250 Sine,
1319 2196 1437 2254 quid
1464 2196 1612 2249 nobis,
1635 2201 1682 2241 et
1701 2195 1790 2241 tibi
1814 2195 1928 2242 Jesu
1951 2195 2100 2243 Naza-

174 2253 313 2298 rene?
346 2254 514 2298 venisti
539 2255 728 2312 perdere
752 2256 864 2300 nos‘?
896 2255 989 2299 scio
1012 2260 1056 2300 tc
1079 2256 1186 2315 quis
1208 2257 1282 2311 sis,
1305 2257 1507 2301 Sanctus
1532 2256 1632 2302 Dei.
1697 2257 1767 2302 35.
1803 2256 1865 2302 Et
1885 2257 2100 2317 increpa·

174 2312 245 2357 vit
275 2312 415 2358 illum
448 2314 594 2370 Jesus,
626 2315 810 2360 dicens:
851 2316 1145 2361 Obmutesce.
1178 2322 1224 2362 et
1256 2318 1330 2362 exi
1367 2318 1427 2362 ab
1460 2333 1525 2362 co.
1592 2318 1654 2363 Et
1685 2333 1796 2363 cum
1829 2317 2100 2378 projecisset

175 2372 314 2418 illum
358 2374 663 2420 daemonium
707 2377 758 2420 in
801 2377 1028 2430 medium,
1066 2378 1185 2422 exiit
1227 2378 1287 2423 ab
1325 2378 1422 2433 illo,
1467 2378 1691 2438 nihilque
1733 2378 1874 2424 illum
1918 2379 2106 2426 nocuit.⁴

175 2433 246 2478 36.
299 2434 360 2478 Et
400 2435 548 2480 factus
589 2442 656 2480 est
697 2452 845 2495 pavor
886 2437 936 2481 in
980 2438 1216 2493 omnibus,
1260 2445 1305 2484 ct
1347 2439 1744 2498 colloquebantur
1777 2439 1840 2486 ad
1873 2439 2106 2496 invicem

177 2493 406 2539 dicentes:
452 2496 589 2550 Quod
627 2502 693 2541 est
730 2498 818 2541 hoc
839 2498 1053 2553 verbum,
1091 2500 1206 2558 quia
1244 2500 1293 2544 in
1331 2506 1559 2557 potestate
1596 2505 1642 2546 et
1674 2501 1854 2547 virtute
1894 2501 2106 2557 imperata

176 2554 441 2599 immundis
472 2557 727 2615 spiritibus,
759 2564 805 2603 et
835 2561 1041 2604 exeunt?
1103 2561 1173 2606 37.
1208 2561 1269 2606 Et
1300 2561 1647 2619 divulgabatur
1677 2562 1807 2607 fama
1838 2561 1897 2607 de
1928 2561 2014 2608 illo
2045 2561 2106 2610 im

176 2629 366 2661 omnem
390 2616 544 2661 locum
568 2619 783 2675 regionis.
847 2620 916 2664 38.
949 2620 1157 2678 Surgens
1178 2628 1337 2667 autem
1361 2623 1388 2666 J
1393 2638 1497 2667 esus
1520 2623 1578 2668 de
1599 2638 1857 2682 synagoga,
1879 2621 2106 2679 introivit?

176 2674 228 2719 in
250 2675 447 2721 domum
471 2678 723 2723 Simonis—‚²⁸
773 2679 939 2725 Socrus
960 2686 1118 2726 autem
1143 2682 1353 2727 Simonis
1378 2683 1630 2729 tenebatur
1652 2683 1843 2743 magnis
1866 2683 2106 2742 febribusq

177 2739 223 2780 et
253 2742 540 2795 rogaverunt
572 2738 710 2802 illu-m
746 2755 829 2798 pro
860 2756 924 2786 ca.
988 2743 1057 2787 39.
1093 2743 1153 2787 Et
1184 2748 1313 2788 stans
1343 2760 1484 2803 super
1507 2745 1642 2790 illam
1674 2745 1933 2803 imperavit
1953 2744 2106 2805 febris

175 2799 222 2841 et
244 2796 427 2841 dimisit
455 2797 602 2842 illam.
657 2800 716 2843 Et
738 2801 962 2846 continuo
985 2818 1194 2859 sumone,
1218 2804 1522 2850 ministrabat
1544 2805 1653 2851 illis.
1697 2806 1767 2850 40.
1791 2805 2106 2858 Cum'auteml

176 2855 244 2900 sol
267 2857 527 2903 occidisset:
550 2874 725 2914 omnes,
743 2862 824 2918 qui
850 2861 1090 2908 habebant
1110 2865 1327 2909 infirmos
1351 2866 1496 2911 variis
1520 2865 1847 2925 languoribus,
1861 2865 2080 2912 duceban

176 2916 283 2962 illos
305 2917 365 2962 ad
388 2933 510 2963 eum.
544 2920 607 2963 At
630 2920 710 2965 ille
730 2922 931 2976 singulis
954 2939 1125 2968 manus
1148 2925 1411 2984 imponens,
1434 2927 1634 2972 curabat
1654 2942 1742 2973 eos.
1789 2927 1862 2973 41.
1887 2925 2081 2973 Exiban

177 2981 338 3022 autem
362 2978 614 3023 daemonia
636 2996 663 3024 a
685 2982 849 3025 multis
871 2983 1143 3039 clamantia,
1166 2991 1211 3030 et
1233 2987 1460 3032 dicentia:
1506 2988 1633 3042 Quia
1666 2992 1719 3033 tu
1757 3002 1806 3033 ee
1837 2986 1968 3033 filius
1990 2986 2106 3042 Dei}

175 3041 223 3083 et
253 3037 504 3097 increpans
535 3055 631 3084 non
654 3041 838 3086 sinebat
869 3059 921 3087 ea
956 3044 1106 3103 loqui:
1141 3047 1255 3104 quia
1284 3048 1496 3093 sciebant
1528 3050 1687 3108 ipsum
1720 3063 1818 3094 esse
1839 3047 2034 3095 Christu
2091 3047 2106 3064 ”

174 3097 247 3143 42.
281 3098 424 3144 Facta
455 3104 615 3144 autem
638 3101 714 3145 die
735 3117 943 3160 egressus
966 3105 1064 3150 ibat
1086 3106 1135 3150 in
1161 3107 1398 3153 desertum
1424 3109 1597 3164 locum,
1631 3114 1678 3155 et
1698 3108 1868 3155 turbae
1888 3061 2106 3169 requi&

176 3157 296 3204 bant
316 3174 440 3214 eum,
463 3165 507 3205 et
530 3167 764 3207 venerunt
781 3178 929 3222 usque
946 3165 1004 3209 ad
1025 3166 1202 3221 ipsum:
1226 3173 1272 3212 et
1293 3168 1574 3215 detinebant
1590 3169 1731 3215 illurn
1756 3184 1817 3215 ne
1838 3169 1999 3215 diseed

175 3217 238 3265 ab
259 3218 337 3264 eis.
400 3220 470 3264 43.
503 3221 690 3274 Quibus
726 3222 807 3267 ille
835 3225 920 3268 ait:
954 3225 1078 3279 Quia
1100 3232 1145 3271 et
1166 3227 1274 3272 aliis
1296 3229 1571 3275 civitatibus
1593 3234 1778 3287 oportet
1798 3245 1876 3276 me
1897 3243 2023 3277 evan
2071 3227 2074 3229 Δ

176 3277 320 3337 lizare
353 3294 555 3348 regnum
590 3281 697 3326 Dei:
730 3283 846 3343 quia
872 3284 984 3347 ‘ideo
1019 3287 1190 3334 missus
1223 3304 1342 3336 sum.
1406 3290 1477 3336 44.
1512 3290 1574 3337 Et
1610 3295 1713 3339 erat
1744 3289 2030 3353 praedicans
2091 3296 2094 3298 ’

173 3353 431 3401 synagogis
452 3341 704 3390 Galilaeae.
2052 3366 2064 3371 ”
