2106 3554
122 167 202 209 920

120 299 332 348 custodia
352 296 506 343 omnis
540 293 743 341 volucris
782 289 1077 345 immundae,
1115 294 1160 336 et
1197 289 1413 337 odibilis:
1476 291 1518 337 3.
1551 291 1669 352 quia
1701 292 1762 339 de
1798 292 1917 340 vino
1950 293 2051 341 irae

119 359 442 407 fornicationis
463 357 562 416 ejus
583 354 808 401 biberunt
824 366 989 398 omnes
1003 356 1187 411 gentes:
1210 356 1258 398 et
1278 367 1411 412 reges
1426 356 1580 399 terrae
1595 368 1708 400 cum
1724 353 1812 401 illa
1826 355 2052 415 fornicati

119 427 248 468 sunt:
282 426 326 466 et
362 422 639 464 mercatores
676 420 826 460 terrae
863 413 922 458 de
959 412 1137 458 virtute
1158 412 1444 459 deliciarum
1467 413 1568 473 ejus
1590 414 1766 462 divites
1786 415 1901 463 facti
1921 421 2051 464 sunt.

120 485 161 528 4.
195 483 255 528 Et
289 479 456 527 audivi
492 477 640 523 aliam
680 490 841 521 vocem
880 473 938 519 de
975 472 1118 528 caelo,
1156 473 1416 520 dicentem:
1450 474 1595 522 Exite
1623 476 1683 522 de
1718 476 1807 527 illa
1842 475 2051 550 populus

120 541 296 589 meus:2
342 546 396 586 ut
436 555 496 585 ne
538 537 789 598 participes
822 535 924 580 sitis
961 534 1247 580 delictorum
1286 536 1399 595 eJuS,
1441 541 1488 582 et
1524 536 1584 583 de
1619 537 1777 598 plagis
1813 553 1915 586 eus
1946 553 2048 586 non

118 603 369 663 accipiatis.
430 602 471 646 5.
505 598 743 654 Quoniam
767 601 1090 654 pervenerunt
1110 601 1304 655 peccata
1325 597 1426 657 ejus
1460 613 1615 658 usque
1648 598 1711 645 ad
1745 614 1827 646 cae
1847 598 1974 658 um,⁸
2003 605 2050 647 et

119 664 384 711 recordatus
421 666 489 707 est
523 659 758 705 Dominus
781 657 1098 717 iniquitatum
1122 657 1233 716 ejus.
1298 659 1340 704 6.
1373 657 1579 705 Reddite
1600 659 1703 706 illi*
1731 659 1856 707 sicut
1876 666 1923 708 et
1943 661 2049 723 ipsa

120 725 325 771 reddidit
358 722 510 768 vobis:
544 726 589 766 et
623 719 862 780 duplicate
897 718 1111 778 duplicia
1144 718 1411 765 secundum
1446 735 1591 781 opera
1623 721 1744 781 ejus:
1777 721 1830 769 in
1863 722 2049 784 poculo,

119 802 211 846 quo
246 785 448 839 miscuit,
490 783 680 827 miscete
714 780 787 826 illi
826 779 1045 839 duplum.
1111 780 1150 826 7.
1199 780 1450 835 Quantum
1487 781 1779 842 glorificavit
1814 798 1877 841 se,
1912 788 1960 830 et
1994 784 2048 830 in
2103 838 2106 839 ⁷

118 847 298 893 deliciis
320 845 422 900 fuit,
460 849 649 890 tantum
672 842 780 887 date
818 840 891 885 illi
929 845 1224 886 tormentum
1263 847 1309 887 et
1346 841 1553 888 luctum:
1587 844 1706 904 quia
1725 843 1778 890 in
1801 845 1943 892 corde
1962 860 2049 892 suo

117 908 250 953 dicit:
283 907 428 952 Sedeo
451 905 635 964 regina:
669 909 714 949 et
749 902 897 948 vidua
922 917 1018 947 non
1041 917 1171 947 sum:
1205 907 1252 948 et
1274 902 1461 949 luctum
1484 919 1582 950 non
1606 905 1793 952 videbo.
1857 907 1898 954 8.
1933 905 2049 954 Ideo

118 971 169 1014 in
191 984 287 1014 una
309 968 385 1013 die
407 966 601 1012 venient
622 964 790 1025 plagae
813 964 926 1023 ejuS,
961 978 1100 1018 more,
1135 968 1182 1009 et
1203 963 1375 1020 luctus,
1397 970 1444 1011 et
1464 966 1627 1023 fameS,
1649 971 1696 1013 et
1717 966 1832 1028 igne
1851 967 2047 1015 combu-

118 1036 264 1076 retur:
312 1029 426 1088 quia
468 1027 599 1073 fortis
641 1033 709 1071 est
751 1025 892 1080 Deus,
935 1025 1019 1084 qui
1056 1024 1300 1084 judicabit
1341 1025 1494 1073 illam.
1557 1028 1599 1074 9.
1653 1028 1716 1075 Et
1757 1028 1958 1086 fiebunt,
1999 1035 2048 1076 et

117 1092 344 1151 plangent
376 1105 423 1134 se
456 1103 596 1148 super
630 1087 765 1132 illam
789 1101 919 1145 reges
941 1092 1106 1140 terrae,
1143 1086 1230 1146 qui
1264 1102 1377 1133 cum
1399 1087 1486 1133 illa
1508 1089 1729 1136 fornicati
1752 1094 1880 1147 sunt,
1913 1095 1963 1137 et
1995 1091 2048 1137 in

116 1151 557 1204 deliciisvixerunt,
592 1164 701 1194 cum
725 1148 935 1193 viderint
958 1148 1148 1192 fumum
1172 1148 1386 1194 incendii
1410 1149 1531 1209 ejus:
1596 1151 1666 1197 10.
1699 1150 1779 1198 lon
1816 1167 1843 1198 e
1862 1156 2043 1200 stantes

117 1217 303 1273 propter
319 1212 538 1257 timorem
556 1214 902 1255 tormentorum
927 1209 1038 1267 ejuS‚
1063 1209 1292 1255 dieentes:
1328 1210 1444 1267 Vae,
1467 1226 1555 1257 vae
1577 1211 1749 1259 civitas
1765 1167 1852 1259 ilgla
1868 1227 2050 1274 magna

119 1273 346 1333 Babylon,
383 1272 549 1318 civitas
584 1271 669 1316 illa
707 1270 858 1315 fort-is:
892 1271 1125 1330 quoniam
1162 1286 1262 1317 una
1297 1271 1416 1318 hora
1453 1273 1587 1318 venit
1613 1273 1857 1333 judicium
1891 1279 2050 1322 tuum.

120 1337 186 1380 11.
220 1335 280 1380 Et
316 1333 626 1393 negotiatores
664 1338 814 1377 terrae
852 1331 1049 1386 flebunt,
1087 1337 1133 1378 et
1171 1332 1407 1392 lugebunt
1445 1349 1587 1394 super
1618 1334 1779 1381 illam:
1811 1336 2047 1397 quoniam

117 1411 291 1442 merces
307 1410 469 1440 eorum
488 1409 626 1439 nemo
645 1400 767 1439 emet
784 1392 1013 1452 amplius:
1066 1394 1135 1439 12.
1170 1409 1348 1440 merces
1369 1395 1491 1451 auri,
1513 1400 1561 1442 et
1580 1396 1783 1457 argenti,
1803 1402 1851 1445 et
1870 1396 2049 1459 lapidis

117 1457 319 1517 pretiosi,
355 1462 401 1502 et
438 1455 709 1515 magaritae,
747 1460 791 1500 et
830 1454 970 1513 byssi,
1000 1460 1047 1500 et
1069 1470 1324 1515 purpurae,
1346 1461 1393 1502 et
1413 1457 1565 1514 serici,
1587 1462 1634 1504 et
1655 1457 1795 1515 cocci,
1818 1458 1884 1517 (et
1903 1473 2048 1515 omne
2104 1494 2106 1497 -

116 1519 303 1578 lignum
326 1517 566 1576 thyinum,
588 1522 633 1561 et
654 1516 818 1561 omnia
841 1530 953 1561 vasa
975 1515 1142 1571 eboriS,
1171 1522 1218 1562 et
1239 1517 1407 1563 omnia
1429 1533 1544 1564 vasa
1565 1518 1624 1565 de
1645 1518 1808 1580 lapide
1830 1520 2048 1581 pretiose,

117 1586 163 1625 et
182 1585 464 1634 aeramento,
486 1584 530 1623 et
551 1578 685 1633 ferro,
722 1583 767 1622 et
800 1592 1050 1632 marmore,
1115 1578 1184 1623 13.
1218 1585 1265 1624 et
1286 1578 1674 1639 cinnamomum)
1695 1586 1744 1627 et
1763 1580 2045 1628 odoramen·

117 1646 287 1696 torum,
321 1645 365 1685 et
402 1639 648 1699 unguenti,
685 1643 730 1684 et
767 1638 935 1693 thuris,
973 1644 1019 1684 et
1057 1639 1175 1694 vini,
1213 1645 1258 1686 et
1295 1639 1402 1696 olei,
1439 1646 1486 1687 et
1523 1640 1728 1699 si‘milae,
1748 1646 1797 1689 et
1816 1642 1979 1701 tritici,
2001 1647 2047 1690 et
2103 1630 2106 1646 ¹

111 1702 452 1760 jumentorum,
486 1706 532 1746 et
567 1701 746 1755 ovium,
784 1705 829 1745 et
865 1715 1119 1760 equorum,
1155 1706 1201 1747 et
1235 1701 1514 1758 rhedarum,
1536 1708 1583 1749 et
1605 1703 1978 1774 mancipiorum,
1999 1709 2046 1754 et

116 1765 385 1808 animarum
409 1761 701 1807 hominum.⁵
764 1762 832 1806 14.
868 1761 928 1806 Et
960 1777 1103 1821 poma
1135 1762 1359 1809 desiderii
1383 1764 1577 1811 animae
1598 1770 1710 1811 tuae
1729 1764 2048 1814 discesserunt

116 1839 141 1868 a
181 1829 238 1878 te,
274 1828 319 1868 et
355 1823 517 1868 omnia
539 1822 752 1882 pinguia,
775 1828 820 1868 et
843 1823 1086 1882 praeclara
1108 1825 1356 1884 perierunt
1376 1841 1405 1871 a
1427 1830 1485 1881 te,
1523 1831 1571 1872 et
1605 1825 1820 1886 amplius
1839 1826 1927 1874 illa
1941 1827 2046 1887 jam

117 1899 211 1929 non
250 1883 509 1930 invenient.
574 1885 641 1929 15.
692 1884 971 1930 Mercatores
1009 1884 1200 1939 horum,
1243 1886 1329 1946 qui
1368 1886 1543 1933 divites
1580 1888 1691 1937 sacti
1728 1893 1857 1946 sunt,
1892 1888 1956 1937 ab
1991 1905 2047 1937 ea

116 1945 254 2006 longe
275 1945 469 1990 stabunt
490 1950 678 2004 propter
709 1946 927 1991 timorem
967 1951 1315 1993 tormentorum
1355 1949 1469 2008 ejus»,
1507 1949 1687 2007 flentes,
1722 1964 1778 1996 ac
1815 1948 2048 2011 lugentes,

119 2008 185 2052 316.
217 2012 262 2052 et
299 2006 523 2051 dicentes:
558 2006 672 2061 Vae,
711 2022 795 2052 vae
827 2007 995 2053 civitas
1018 2007 1104 2053 illa
1128 2023 1319 2067 magna,
1391 2025 1482 2056 uae
1503 2010 1681 2057 amicta
1702 2017 1805 2058 erat
1824 2010 1979 2073 bysso,
1999 2018 2047 2060 et

116 2082 339 2127 purpura,
367 2073 413 2112 et
434 2083 580 2122 cocco,
603 2074 647 2112 et-
669 2068 895 2113 deaurata
918 2075 1019 2114 erat
1040 2084 1170 2126 auro,
1193 2076 1239 2115 et
1260 2069 1358 2131 lapi
1396 2086 1421 2116 e
1444 2072 1662 2141 pretioso,
1683 2076 1730 2118 et
1752 2068 2046 2134 margaritis:

120 2130 185 2174 17.
218 2129 445 2188 quoniam
469 2144 566 2174 una
589 2129 705 2174 hora
727 2129 1004 2176 destitutae⁶
1034 2137 1147 2176 sunt
1179 2137 1342 2178 tantae
1364 2132 1577 2189 divitiae,
1615 2138 1662 2180 et
1697 2133 1858 2181 omnis
1876 2133 2047 2195 guber-

117 2194 264 2242 nator,
307 2195 352 2235 et
391 2190 559 2244 omniS,
602 2190 685 2249 qui
730 2190 778 2235 in
823 2190 983 2237 lacum
1028 2193 1240 2253 navigat,
1283 2199 1329 2239 et
1370 2199 1562 2251 nautae,
1603 2200 1651 2241 et
1692 2195 1780 2256 qui
1822 2195 1875 2242 in
1918 2197 2041 2243 mari

117 2255 382 2309 operantur,
404 2250 541 2310 longe
563 2256 805 2307 steterunt,
870 2255 939 2299 18.
971 2259 1016 2298 et
1051 2253 1386 2301 clamaverunt
1409 2255 1627 2302 videntes
1649 2255 1807 2303 locum
1830 2256 2045 2304 incendii

118 2311 227 2369 ejuS,
269 2311 493 2357 dicentes:
539 2312 670 2367 Quae
705 2313 878 2359 similis
911 2314 1093 2360 civitati
1131 2315 1246 2362 huic
1291 2318 1525 2375 magnae?
1589 2319 1657 2363 19.
1705 2317 1768 2364 Et
1809 2318 2046 2367 miserunt

118 2371 359 2430 pulverem
383 2388 522 2432 super
544 2374 697 2432 capita
720 2389 818 2429 sua,
857 2381 901 2420 et
933 2375 1267 2423 clamaverunt
1289 2378 1468 2434 flentes,
1490 2383 1536 2424 et
1558 2378 1791 2438 lugentes,
1813 2379 2044 2433 dicentes:
2093 2395 2094 2398 ’

119 2432 159 2476 V
165 2447 232 2487 ae,
269 2448 353 2478 vae
390 2434 555 2479 civitas
578 2434 662 2479 illa
687 2451 874 2495 magna.
912 2437 963 2482 in
1002 2453 1099 2507 qua
1121 2438 1297 2484 divites
1318 2439 1428 2485 facti
1453 2445 1568 2486 sunt
1589 2455 1770 2496 omnes,
1792 2441 1877 2502 qui
1901 2440 2046 2488 habe-

119 2492 234 2538 bant
271 2509 412 2539 naves
450 2495 500 2539 in
538 2496 657 2540 mari
698 2497 754 2541 de
794 2498 955 2555 pretiis
993 2514 1108 2558 cJus:
1151 2500 1385 2559 quoniam
1426 2516 1525 2547 una
1563 2501 1683 2548 hora.
1718 2501 1931 2549 desolata
1962 2508 2044 2550 est.

119 2555 187 2598 20.
222 2554 397 2599 Exulta
417 2571 556 2615 super
578 2572 679 2601 eam
705 2557 902 2613 caelum,
926 2565 970 2604 et
992 2561 1142 2606 sancti
1168 2561 1399 2621 Apostoli,
1421 2567 1468 2608 et
1491 2562 1581 2608 Pro
1618 2562 1776 2610 hetae:
1809 2564 2044 2624 quoniam

111 2614 346 2673 judicavit
370 2615 493 2661 Deus
509 2617 743 2675 judicium
771 2626 979 2665 vestrum
1005 2621 1066 2667 de
1086 2621 1183 2667 illa.
1249 2624 1318 2668 21.
1354 2622 1415 2668 Et
1451 2578 1620 2669 susmp

117 3039 337 3084 audietur
359 3041 515 3086 adhuc
554 3043 602 3087 in
640 3049 707 3088 tc:
741 3047 853 3104 quia
878 3056 1158 3095 mercatores
1192 3051 1264 3096 tui
1303 3057 1440 3100 erant
1462 3053 1701 3113 principes
1723 3059 1888 3108 terrae,
1926 3054 2043 3114 quia

118 3100 167 3144 in
214 3101 451 3146 veneficiis
492 3103 586 3148 luis
627 3115 905 3153 erraverunt
946 3125 1111 3156 omnes
1152 3118 1328 3171 gentes.
1393 3114 1463 3159 24.
1518 3113 1580 3160 Et
1631 3114 1683 3160 in
1736 3129 1792 3161 ea
1842 3115 2040 3175 sanguis

117 3161 455 3267 prophetarum
479 3168 522 3208 et
544 3172 809 3212 sanctorum
838 3169 1062 3217 inventus
1084 3179 1170 3219 est:
1205 3180 1249 3220 et
1287 3174 1523 3232 omnium,
1562 3175 1645 3236 qui
1670 3175 1907 3223 interfecti
1919 3181 2044 3227 -sunt

117 3237 166 3267 in
219 3236 333 3268 erra.

1609 2630 1647 2670 lt
1678 2627 1807 2674 unus
1828 2624 2045 2686 Angelus
2078 2634 2084 2640 '

118 2675 247 2720 sortis
269 2676 472 2735 lapidem
498 2679 633 2737 quasi
658 2680 883 2737 molarem
910 2697 1157 2741 magnum,
1195 2688 1240 2729 et
1277 2684 1411 2730 misit
1447 2685 1498 2731 in
1538 2700 1684 2740 mare,
1720 2685 1903 2733 dicens:
1937 2685 2045 2733 Hoc
2088 2702 2095 2743 g

120 2736 299 2795 impetu
317 2737 531 2782 mittetur
549 2738 762 2797 Babylon
782 2741 949 2788 civitas
972 2743 1056 2789 illa
1080 2760 1271 2802 magna,
1293 2752 1340 2791 et
1362 2745 1492 2792 ultra
1506 2746 1609 2806 jam
1634 2761 1731 2793 non
1754 2746 2044 2795 invenietur.
2089 2774 2092 2780 ·

119 2797 188 2841 2⁶2.
222 2797 281 2841 Et
318 2812 410 2842 vox
448 2799 849 2857 citharoedorum,
878 2811 924 2849 et
961 2805 1270 2861 musicorum,
1307 2812 1354 2852 et
1390 2806 1510 2853 tibia
1543 2808 1838 2866 canentium,
1859 2814 1907 2855 et
1925 2809 2044 2855 tuba.
2087 2811 2092 2866 s

118 2872 213 2902 non
237 2858 457 2903 audietur
479 2860 526 2904 in
551 2866 596 2905 te
618 2862 842 2920 amplius:
876 2871 920 2909 et
951 2867 1108 2911 omnis
1131 2868 1303 2913 artifex
1326 2868 1486 2914 omnis
1507 2870 1623 2915 artis
1645 2884 1743 2916 non
1767 2869 2045 2916 invenietur
2088 2879 2089 2882 ’

118 2918 239 2963 inte
273 2919 498 2977 amplius:
531 2927 576 2966 et
613 2938 703 2967 vox
745 2924 897 2970 molae
919 2941 1014 2971 non
1039 2928 1263 2974 audietur
1300 2929 1352 2974 in
1390 2934 1433 2975 te
1471 2930 1703 2990 amplius:
1768 2931 1840 2977 23.
1872 2937 1920 2978 et
1957 2931 2043 2978 lux
2090 2951 2091 2954 ¹

119 2978 337 3023 lucernae
375 2995 470 3025 non
509 2981 681 3027 lucebit
726 2984 775 3029 in
819 2991 863 3030 te
905 2988 1132 3047 amplius:
1182 2996 1228 3035 et
1270 3006 1364 3036 vox
1403 2991 1578 3051 sponsi,
1619 2997 1665 3038 et
1706 3007 1908 3052 sponsae
1945 3007 2042 3038 non
2096 3007 2097 3010 ’

2094 3146 2106 3274 1

2095 3279 2106 3445 l

2094 3452 2106 3554 1
