2106 3554
140 141 225 182 690

910 272 1089 344 Caput
1170 272 1295 326 XV.

200 413 238 456 1.
273 412 452 457 Notum
489 414 650 456 autem
688 408 845 456 vobis¹
878 410 1012 465 facio,
1049 410 1228 465 fratres,
1265 409 1602 469 Evangelium,
1639 409 1768 469 quod
1795 409 2018 470 praedica
2055 410 2066 422 ⁸

140 472 285 527 vobis,
321 471 447 530 quod
483 476 526 516 et
561 470 816 530 accepistis,
854 470 906 515 in
945 486 1040 530 quo
1074 476 1120 515 et
1156 471 1303 526 statis,
1366 471 1406 516 2.
1439 486 1522 531 per
1543 471 1672 530 quod
1711 475 1757 517 et
1788 470 2079 530 salvamini[

138 548 232 591 qua
275 533 457 577 ratione
499 531 875 590 praedicaverim
918 531 1066 587 vobiS,
1119 531 1157 576 si
1200 531 1383 587 tenetis,
1435 531 1529 576 nisi
1571 531 1747 578 frustra
1789 531 2070 593 credidistis.>

137 596 176 638 3.
221 592 418 637 Tradidi
453 592 584 637 enim
621 592 757 637 vobis
798 592 851 637 in
893 592 1063 651 primis
1100 592 1228 651 quod
1271 597 1318 637 et
1358 592 1536 652 accepi:
1586 592 1818 651 quoniam
1852 591 2075 638 Christus

136 658 353 698 mortuus
395 658 462 698 est
503 668 588 712 pro
630 653 833 712 peccatis
874 653 1047 697 nostris
1089 653 1354 698 secundum
1397 652 1710 712 Scripturasz²
1770 654 1812 699 4.
1865 658 1912 699 et
1952 653 2091 713 quia,

134 714 347 773 sepultus
384 719 463 768 est,
499 719 544 759 et
579 714 694 773 quia
729 714 986 758 resurrexit
1008 714 1147 758 tertia
1174 714 1251 758 die
1285 714 1550 759 secundum
1573 712 1889 773 Scripturas-⁷³1³
1949 715 1990 760 5.
2022 718 2091 760 et>

134 775 249 833 quia
271 775 401 820 visus
424 779 491 819 est
513 774 713 833 Cepliae,
752 779 796 819 et
830 779 935 834 post
972 774 1061 819 hoc
1099 774 1372 819 undecim:⁴
1434 778 1473 820 6.
1509 775 1694 820 Deinde
1717 774 1848 820 visus
1869 778 1938 821 est
1958 774 2068 835 plus

134 851 280 894 quam
325 835 602 894 quingentis
643 835 894 880 fratribus⁵
945 835 1111 880 simul:
1165 851 1222 880 ex
1271 835 1448 894 quibus
1490 835 1633 881 multi
1676 840 1876 881 manent
1915 850 2069 895 usque

133 896 306 951 adhuc,
328 896 526 955 quidam
553 901 713 941 autem
738 896 1057 941 dormierunt:
1124 897 1162 942 7.
1197 896 1382 942 Deinde
1405 897 1535 942 visus
1557 901 1625 941 est
1646 895 1861 952 Jacobo,⁶
1892 896 2068 942 deinde

134 956 372 1016 Apostolis
394 956 639 1001 omnibus:
705 959 743 1002 8.
778 957 1046 1002 Novissime
1081 962 1239 1002 autem
1280 957 1500 1002 omnium
1536 962 1787 1016 tamquam
1813 956 2069 1014 abortivo,⁷
2100 956 2106 990 ¹·

133 1018 264 1063 visus
298 1022 366 1062 est
400 1025 444 1062 ct
478 1016 642 1062 mihi.⁸
702 1019 742 1063 9.
778 1018 878 1077 Ego
914 1018 1044 1063 enim
1079 1033 1187 1062 sum
1211 1018 1445 1063 minimus
1470 1017 1822 1077 Apostolorum,
1860 1018 1946 1078 qui
1968 1033 2067 1064 non

133 1093 239 1123 sum
275 1077 451 1137 dignus
484 1078 643 1124 vocari
681 1078 948 1138 Apostolus,
984 1079 1213 1138 quoniam
1251 1084 1523 1138 persecutus
1544 1094 1653 1124 sum
1676 1078 1940 1124 Ecclesiam
1962 1078 2064 1126 Dei.

135 1140 203 1184 10.
237 1139 402 1184 Gratia
432 1144 591 1184 autem
618 1139 704 1184 Dei
736 1155 843 1184 sum
878 1139 942 1195 id,
978 1139 1106 1199 quod
1141 1155 1262 1194 sum,
1295 1145 1358 1185 et
1391 1140 1546 1199 gratia
1583 1140 1684 1199 ejus
1717 1139 1770 1184 in
1804 1154 1881 1185 me
1915 1155 2069 1186 vacua

114 1215 230 1245 ‚non
254 1199 358 1254 fuit,
393 1199 472 1244 sed
511 1200 841 1245 abundantius
876 1200 973 1245 illis
1007 1200 1257 1245 omnibus⁹
1288 1200 1524 1246 laboravi:
1558 1216 1655 1246 non
1679 1215 1766 1260 ego
1787 1205 1963 1255 autem,
1985 1200 2066 1246 sed

133 1261 288 1318 gratia
312 1260 399 1305 Dei
423 1275 632 1306 mecum:
699 1263 766 1306 11.
799 1261 910 1307 Sive
933 1262 1063 1306 enim
1087 1277 1185 1319 ego,
1217 1262 1316 1307 sive
1339 1261 1433 1307 illi:
1467 1262 1533 1307 sic
1567 1261 1913 1321 praedicamus,
1934 1266 1981 1307 et
2001 1261 2068 1307 sic

134 1321 410 1366 credidistis.
423 1320 452 1345 ¹⁰
515 1323 583 1367 12.
636 1322 685 1367 Si
739 1331 900 1367 autem
955 1322 1172 1367 Christus
1214 1323 1516 1381 praedicatur
1558 1322 1687 1382 quod
1740 1322 1999 1368 resurrexit
2039 1337 2070 1368 a

134 1382 347 1437 mortuis,
370 1383 610 1442 quomodo
633 1383 833 1442 quidam
857 1383 1026 1428 dicunt
1048 1383 1099 1428 in
1123 1383 1270 1438 vobis,
1303 1383 1535 1442 quoniam
1558 1383 1838 1429 resurrectio
1860 1388 2068 1430 mortuo·

135 1458 243 1488 rum
279 1458 376 1488 non
414 1444 512 1488 est?
576 1445 644 1488 13.
698 1444 747 1489 si
786 1450 946 1489 autem
982 1444 1260 1490 resurrectio
1297 1450 1595 1489 mortuorum
1635 1459 1734 1490 non
1771 1449 1860 1490 est:
1913 1459 2070 1504 neque
2104 1448 2106 1471 ³

135 1503 351 1549 Christus
388 1503 697 1549 resurrexit.¹¹
763 1506 831 1550 14.
879 1505 929 1550 Si
973 1510 1134 1550 autem
1174 1505 1390 1550 Christus
1427 1504 1567 1550 non¹²
1597 1505 1870 1562 resurrexit,
1906 1505 2068 1551 inanis

135 1570 203 1610 est
239 1580 349 1624 ergo
378 1565 667 1624 praedicatio
702 1571 876 1620 nostra,
914 1566 1075 1611 inanis
1112 1570 1258 1611 estet
1294 1566 1410 1611 fides
1444 1571 1619 1612 vestra:
1685 1567 1755 1611 15.
1787 1566 2070 1612 invenimur
2102 1607 2106 1624 ,

135 1630 294 1671 autem
319 1631 364 1671 et
386 1626 492 1671 falsi
514 1631 652 1671 testes
675 1627 782 1672 Dei:
816 1627 1047 1686 quoniam
1071 1627 1399 1672 testimonium
1425 1627 1640 1672 diximus
1662 1627 1890 1673 adversus
1909 1626 2070 1672 Deum
2100 1637 2106 1688 ‚j

135 1687 262 1746 quod
282 1687 580 1732 suscitaverit
597 1687 856 1740 Christum,
874 1703 1018 1746 quem
1037 1703 1133 1732 non
1152 1688 1412 1742 suscitavit,
1430 1688 1468 1733 si
1487 1688 1663 1733 mortui
1683 1703 1781 1733 non
1799 1692 2069 1745 resurgunt.

136 1750 205 1792 16.
241 1747 364 1792 Nam
387 1748 423 1792 si
450 1749 625 1793 mortui
650 1764 746 1793 non
772 1754 1040 1806 resurgunt,
1073 1763 1228 1807 neque
1251 1749 1468 1794 Christus
1490 1749 1760 1794 resurrexit.
1824 1750 1894 1796 17.
1926 1748 2092 1804 Quod-

135 1808 172 1852 si
198 1808 414 1854 Christus
449 1824 546 1854 non
585 1809 855 1863 resurrexit,
893 1824 1019 1855 vana
1056 1814 1124 1854 est
1158 1809 1274 1854 fides
1313 1815 1480 1864 vestra,
1517 1809 1678 1855 adhuc
1713 1809 1845 1855 enim
1879 1809 1989 1855 estis
2014 1809 2068 1855 in

135 1870 337 1928 peccatis
374 1870 551 1915 vestris.
618 1872 686 1915 18.
741 1869 867 1929 Ergo
910 1875 955 1915 et
997 1870 1080 1929 qui
1126 1870 1426 1916 dormierunt
1468 1871 1520 1916 in
1564 1871 1766 1923 Christo,
1809 1863 2068 1930 perierunt.

138 1931 206 1975 19.
239 1930 288 1975 Si
323 1931 375 1975 in
411 1930 500 1976 hac
524 1930 623 1976 vita
645 1930 882 1976 tantum¹³
913 1932 964 1976 in
1001 1931 1188 1976 Christo
1211 1936 1452 1990 sperantes
1486 1947 1666 1985 sumus,
1701 1931 2069 1978 miserabiliores

134 2005 300 2036 sumus
341 1991 566 2036 omnibus
610 1991 890 2037 hominibus
954 1993 1022 2036 20.
1078 1992 1220 2037 Nunc
1271 1997 1431 2037 autem
1480 1992 1698 2038 Christus
1740 1992 1999 2038 resurrexit
2039 2007 2070 2039 a

136 2052 337 2097 mortuis
359 2052 600 2112 primitiae
633 2052 1033 2107 dormientium,“
1097 2054 1166 2098 21.
1200 2053 1428 2112 quoniam
1467 2053 1662 2112 quidem
1698 2068 1782 2113 per
1819 2053 2070 2099 hominem

138 2127 275 2167 morS,
313 2118 358 2158 et
395 2129 477 2172 per
500 2113 747 2158 hominem
771 2115 1049 2159 resurrectio
1073 2113 1428 2159 1nortuorum.¹⁵
1489 2115 1559 2159 22.
1594 2114 1655 2159 Et
1688 2115 1810 2160 sicut
1832 2114 1884 2160 in
1907 2113 2068 2160 Adam

137 2188 300 2218 omnes
322 2175 610 2228 moriuntur,
648 2175 716 2219 ita
753 2180 798 2219 et
835 2175 885 2219 in
925 2175 1113 2219 Christo
1149 2190 1314 2220 omnes
1351 2175 1744 2220 vivificabuntur.
1807 2175 1878 2221 23.
1912 2175 2069 2221 Unus-

139 2234 339 2293 quisque
376 2240 537 2280 autem
571 2236 623 2280 in
658 2251 743 2280 suo
780 2235 959 2291 ordine,
997 2236 1239 2295 primitiae
1277 2235 1512 2281 Christus:
1546 2236 1721 2281 deinde
1753 2235 1802 2290 ii,
1839 2235 1925 2296 qui
1955 2239 2070 2282 sunt

139 2294 327 2349 Christi,
380 2295 463 2354 qui
508 2296 559 2340 in
603 2296 813 2341 adventu
857 2298 957 2355 ejus
999 2295 1357 2342 crediderunt.¹⁰
1420 2298 1489 2341 24.
1546 2296 1730 2342 Deinde
1773 2297 1902 2342 finis:
1956 2311 2067 2342 cum

138 2355 388 2400 tradiderit
410 2371 612 2415 regnum
635 2357 732 2402 Deo
755 2362 800 2402 et
827 2357 971 2412 Patri,
1009 2373 1117 2403 cum
1143 2358 1447 2403 evacuaverit
1469 2373 1663 2403 omnem
1685 2357 2025 2417 principatum,
2039 2355 2070 2384 ¹⁷

139 2421 185 2460 et
222 2422 511 2474 potestatem,
554 2422 598 2462 et
640 2418 882 2463 virtutem.
947 2419 1016 2464 25.
1071 2418 1267 2478 Oportet
1304 2423 1464 2463 autem
1502 2418 1644 2463 illum
1682 2433 1882 2477 regnare
1918 2418 2071 2464 donec

140 2482 286 2535 ponat
308 2492 470 2522 omnes
493 2478 712 2524 inimicos
734 2479 822 2524 sub
846 2479 1046 2538 pedibus
1073 2480 1183 2538 ejus,
1248 2480 1317 2524 26.
1353 2479 1624 2524 Novissima
1645 2484 1806 2525 autem
1830 2476 2071 2525 inimiea¹‘¹
2092 2487 2095 2489 ’

141 2537 407 2582 destruetur
429 2553 573 2584 mors:
608 2540 785 2585 Omnia
807 2540 938 2584 enim
961 2538 1201 2599 subjecit¹⁹
1230 2540 1319 2585 sub
1351 2540 1552 2599 pedibus
1585 2540 1696 2599 ejus.
1760 2541 1883 2585 Cum
1904 2545 2068 2586 autem

141 2597 285 2642 dicat:
350 2599 418 2644 27.
453 2599 629 2644 Omnia
651 2600 859 2658 subjecta
881 2606 994 2646 sunt
1015 2601 1071 2654 ei,
1100 2601 1203 2646 sine
1226 2601 1373 2646 dubio
1395 2606 1579 2659 praeter
1600 2616 1725 2657 eum,
1762 2601 1847 2661 qui
1869 2599 2084 2661 subjecit‘,

142 2658 183 2703 ei
223 2659 396 2702 omnia.
461 2660 530 2704 28.
584 2662 704 2705 Cum
744 2667 902 2706 autem
942 2661 1151 2719 subjecta
1185 2662 1364 2707 fuerint
1401 2661 1473 2706 illi
1511 2662 1700 2707 omnia:
1733 2666 1850 2707 tunc
1885 2666 1932 2707 et
1967 2661 2095 2722 ipse

143 2718 296 2763 Filius
318 2719 552 2774 subjectus
574 2721 702 2766 erit2⁰
733 2723 789 2775 ei,
824 2723 908 2782 qui
943 2722 1142 2781 subJecit
1163 2722 1253 2767 sibi
1277 2722 1454 2776 omnia,
1488 2727 1542 2767 ut
1575 2723 1636 2768 sit
1671 2722 1799 2767 Deus
1827 2722 1993 2768 omnia
2014 2722 2083 2768 in.

141 2779 416 2824 omnibus,²¹
481 2782 548 2825 29.
584 2782 815 2841 Alioquin
840 2783 956 2843 quid
982 2783 1156 2828 facient
1188 2783 1273 2842 qui
1306 2783 1613 2842 baptizantur
1634 2798 1717 2843 pro
1741 2781 1997 2839 mortuiS,”
2025 2782 2068 2829 si
2092 2823 2106 2855 ,ἡ

140 2839 338 2886 omnino
361 2842 535 2885 mortui
560 2857 654 2886 non
680 2844 966 2902 resurgunt?
995 2849 1049 2888 ut
1080 2844 1198 2903 quid
1222 2849 1267 2889 et
1289 2844 1594 2903 baptizantur
1614 2859 1700 2903 pro
1722 2843 1848 2889 illis?
1910 2844 1982 2890 30.
2013 2847 2071 2891 ut
2098 2859 2106 2909 ς·

140 2900 258 2960 quid
295 2905 339 2945 et
373 2916 457 2945 nos
487 2903 814 2959 periclitamur
836 2904 969 2949 omni
993 2904 1139 2949 hora?
1203 2905 1273 2949 31.
1307 2905 1533 2959 Quotidie
1555 2905 1732 2949 morior
1753 2919 1837 2964 per
1861 2909 2066 2951 vestram
2101 2923 2106 2972 ἑ

135 2960 395 3019 gloriam,²³
426 2963 603 3017 fratres,
637 2979 781 3022 quam
821 2965 972 3010 habeo
1007 2965 1058 3010 in
1097 2965 1284 3010 Christo
1306 2965 1417 3010 Jesu
1444 2965 1653 3010 Domino
1675 2970 1847 3011 nostro.
1911 2966 1982 3011 32.
2013 2963 2066 3011 Si

138 3021 418 3075 (secundum
442 3022 707 3081 hominem)
730 3025 788 3068 ad
813 3025 1024 3070 bestias²⁴
1056 3026 1270 3084 pugnavi
1295 3025 1486 3084 Ephesi,
1513 3025 1631 3086 quid
1655 3025 1777 3071 mihi
1802 3025 2004 3085 prodest,
2024 3025 2064 3071 si
2103 3025 2106 3034 ⁶

137 3082 314 3127 mortui
333 3097 429 3127 non
449 3085 731 3142 resurgunt?
764 3086 1123 3141 manducemus,
1146 3092 1191 3131 et
1214 3086 1492 3141 bibamus,²⁵
1523 3101 1625 3131 cras
1641 3086 1772 3132 enim
1790 3080 2106 3132 moriemur-‘¹

137 3143 207 3187 33.
242 3142 399 3188 Nolite
421 3143 600 3188 seduci:
635 3145 960 3204 Corrumpunt
983 3162 1135 3192 mores
1157 3146 1345 3192 bonos²⁶
1376 3147 1614 3207 colloquia
1644 3146 1787 3192 mala.
1849 3146 1919 3192 34.
1953 3142 2087 3211 Evi⁴{

135 3203 281 3261 gilate
297 3202 468 3261 justi‚²⁷
500 3208 545 3248 et
571 3203 718 3249 nolite
741 3220 950 3264 peccare:
985 3207 1310 3265 ignorantiam
1333 3208 1462 3253 enim
1488 3207 1617 3252 Dei²⁸
1648 3207 1848 3268 quidam
1870 3206 2087 3266 habent„

133 3264 194 3308 ad
218 3263 575 3309 reverentiam²⁹
605 3264 739 3310 vobis
773 3264 952 3324 loquor.
1017 3268 1086 3312 35.
1119 3268 1210 3313 Sed
1246 3268 1370 3314 dicet
1404 3267 1466 3313 ali
1507 3267 1599 3313 uis:
1633 3266 1884 3322 Quomodo
1913 3281 2064 3314 resur-

133 3329 256 3385 gunt
308 3324 517 3371 mortui?
569 3324 762 3384 qualive
815 3341 1006 3386 corpore
1060 3329 1284 3375 venient?
1357 3329 1428 3375 36.
1472 3284 1779 3389 ‹insipiensss⁰
1827 3332 1882 3374 tu
1933 3325 2091 3389 quod.
