2106 3554
125 173 219 215 916-
575 165 656 210 §Die
686 163 980 218 Dffmtmtung.
1024 158 1088 210 15,
1127 157 1252 201 1-3.
1294 157 1414 201 inm.
1465 155 1592 200 1—3.

126 323 214 362 eos,
235 304 318 365 qui
340 303 557 349 vicerunt
577 296 815 353 bestiam,¹
847 300 894 342 et
924 294 1189 354 imaginem
1213 292 1328 352 ejuS,
1349 295 1396 338 et
1417 306 1682 338 numerum
1704 291 1923 339 nominis
1937 291 2059 352 ejus,

125 372 298 414 stantes
333 378 471 423 super
508 376 638 407 mare
674 360 897 413 vitreum,
939 355 1168 401 habentes
1205 353 1416 399 citharas
1453 353 1562 398 Dei:
1628 354 1669 399 3.
1718 358 1766 400 et
1809 358 2060 401 cantantes

125 428 362 475 canticum
399 421 575 482 Moysi²
617 420 741 466 servi
777 419 877 474 Dei,
920 422 963 463 et
1008 416 1252 462 canticum
1288 413 1459 474 Agni‚³
1502 414 1735 462 dicentes:
1780 414 1976 475 Magna,
2012 419 2060 462 et
2102 472 2103 477 ¹

124 487 363 535 mirabilia
385 490 496 530 sunt
516 498 657 542 opera
679 487 760 527 tua
784 479 990 525 Domine
1014 477 1142 522 Deus
1176 475 1499 535 omnipotens:
1528 476 1687 535 justae
1707 480 1756 522 et
1776 491 1921 524 verae
1941 479 2058 522 sunt

121 551 226 597 viae
245 553 366 602 tuae,
401 546 504 591 Rex
533 543 841 589 saeculorum.
906 541 946 585 4.
980 539 1099 594 Quis
1123 553 1221 583 non
1243 536 1436 582 timebit
1456 542 1502 582 te
1526 537 1748 594 Domine,
1782 542 1830 584 et
1863 537 2057 598 magni-

123 610 280 657 ficabit
301 622 475 653 nomen
498 605 667 651 tuum?
699 603 814 662 quia
835 601 963 646 solus
984 600 1092 660 pius
1115 614 1181 644 es:
1215 598 1448 658 quoniam
1466 613 1633 644 omnes
1653 603 1820 658 gentes
1839 597 2060 655 venient,

121 677 166 718 et
201 668 466 716 adorabunt
502 667 553 711 in
591 669 841 723 conspeetu
879 669 976 715 tuo,
1015 660 1249 720 quoniam
1281 659 1469 718 judicia
1506 664 1592 705 tua
1629 659 1886 706 manifesta
1923 665 2053 706 sunt.

121 733 161 778 5.
194 732 254 776 Et
274 734 376 790 post
397 729 513 773 haec
535 726 650 780 vidi,
673 731 718 770 et
739 739 842 770 ecce
863 728 1084 782 apertum
1107 726 1175 766 est
1197 721 1435 780 templum
1459 720 1762 767 tabernaculi
1782 720 2053 768 testimonii

121 794 171 839 in
206 791 350 837 caelo:
414 791 452 834 6.
506 793 552 833 et
593 787 814 832 exierunt
854 790 1032 844 septem
1077 782 1255 842 Angeli
1300 781 1532 828 habentes
1574 787 1755 842 septem
1791 782 1961 843 plagas
1994 781 2055 828 de

124 852 313 912 templo,
347 849 505 896 vestiti
528 849 628 894 lino
650 846 847 902 mundo,
882 851 928 891 et
962 844 1183 899 candid0‚
1211 848 1258 889 et
1279 843 1539 904 praecincti
1565 844 1691 890 circa
1712 849 1904 904 pectora
1925 843 2059 890 zonis

123 914 287 961 aureis.
351 912 390 958 7.
440 911 500 955 Et
561 924 716 955 unum
766 908 824 953 de
870 913 1078 967 quatuor
1125 904 1424 950 animalibus
1462 905 1597 951 dedit
1633 910 1811 965 septem
1853 904 2056 966 Angelis

124 980 299 1035 septem
351 971 538 1032 phialas
590 984 768 1020 aureas.
821 969 986 1028 plenas
1039 966 1320 1012 iracundiae
1363 966 1451 1012 Dei
1499 966 1711 1012 viventis
1762 966 1816 1012 in
1866 965 2060 1013 saecula

122 1035 428 1082 saeculorum.
491 1034 530 1078 8.
564 1031 625 1077 Et
659 1030 912 1089 impletum
936 1034 1004 1074 est
1025 1027 1264 1088 templum
1288 1028 1422 1073 fumo
1444 1043 1471 1074 a
1494 1028 1742 1087 majestate
1776 1026 1881 1084 Dei,
1914 1031 1962 1074 et
1994 1026 2055 1074 de

122 1097 297 1144 virtute
318 1095 435 1154 ejus:
469 1098 513 1138 et
535 1108 675 1138 nemo
698 1097 881 1151 poterat
903 1090 1102 1136 introire
1124 1089 1176 1134 in
1199 1089 1453 1149 templum,
1487 1089 1640 1136 donec
1661 1103 2055 1136 consummaren-

123 1162 202 1204 tur
222 1161 397 1217 septem
419 1155 586 1215 plagae
609 1159 786 1213 septem
811 1152 1123 1212 Angelorum.

175 1278 219 1326 1)
246 1277 291 1318 cf.
316 1281 372 1325 13,
395 1278 450 1316 14.
466 1276 576 1324 -2)
605 1274 726 1314 Exod.
752 1278 808 1322 15,
832 1278 936 1314 1-19.
952 1273 1067 1322 —3)
1096 1273 1200 1312 ‘man
1225 1273 1315 1318 wele
1343 1272 1446 1319 nidn,
1476 1272 1520 1312 ob
1549 1272 1624 1318 bier
1648 1275 1756 1313 anter
1780 1273 1860 1312 bem
1890 1271 1969 1312 2ίὼ
1996 1273 2059 1312 bec

124 1328 286 1368 &mmet
304 1329 372 1366 bas
391 1326 572 1374 folgenbet
601 1324 743 1371 Magna
759 1331 799 1363 et
815 1323 1002 1363 mirabilia
1021 1354 1028 1362 .
1052 1355 1059 1363 .
1083 1325 1166 1362 uber
1184 1326 1253 1362 bne
1272 1322 1350 1362 ssieb
1368 1325 1430 1361 bec
1449 1322 1575 1368 ‘mom
1593 1332 1635 1371 au
1652 1321 1826 1370 »trssebtu
1842 1321 1895 1369 ist,
1918 1323 1990 1362 beo
2007 1321 2066 1375 im*

125 1376 314 1424 monimen
334 1375 457 1415 &inne
475 1377 539 1413 ben
558 1374 725 1419 cohereis
744 1376 802 1412 ber
821 1373 1002 1422 OErtbsung
1022 1372 1175 1420 tntbdtt.
1220 1373 1322 1414 OEbtn
1340 1375 1409 1412 bne
1427 1372 1590 1421 folgenbt
1607 1371 1688 1412 rich
1706 1371 1747 1421 {ft
1759 1381 1831 1412 «ωε
1845 1369 1909 1412 Pu.
1930 1374 1991 1415 91.
2012 1374 2056 1419 6;

126 1429 207 1474 139,
230 1428 292 1473 143
325 1426 404 1473 144,
427 1427 445 1463 1
466 1424 793 1473 ὅιιῖαηιηιτηςεῖςβε.
1546 1431 1550 1435 ’

887 1658 1070 1731 Caput
1120 1657 1275 1712 XVI.

183 1798 222 1844 1.
256 1797 317 1844 Et
351 1798 515 1845 audivi
554 1813 715 1844 vocem
755 1813 983 1858 magnam
1022 1797 1081 1844 de
1118 1797 1313 1858 templo,
1350 1796 1591 1843 dicentem
1628 1800 1811 1858 septem
1834 1794 2056 1858 Angelise

127 1859 209 1915 Ite,
261 1864 306 1905 et
346 1859 574 1905 effundite
616 1865 792 1919 septem
837 1856 1050 1919 phialas¹
1104 1858 1203 1905 irae
1246 1858 1335 1905 Dei
1379 1859 1431 1904 in
1474 1864 1665 1905 terram.
1729 1858 1770 1904 2.
1823 1856 1888 1904 Et
1937 1856 2061 1918 abiit

124 1920 319 1980 primus,
340 1925 385 1966 et
405 1920 574 1966 effudit
594 1920 808 1980 phialam
832 1935 968 1966 suam
994 1921 1043 1966 in
1067 1925 1259 1976 terram,
1280 1925 1327 1966 et
1348 1920 1530 1966 factum
1551 1925 1621 1966 est
1641 1919 1824 1966 vulnus
1843 1922 2060 1976 saevum,

124 1986 167 2027 et
190 1981 444 2040 pessimum
469 1981 519 2026 in
544 1982 772 2037 homines,
810 1982 893 2042 qui
932 1981 1178 2028 habebant
1199 1981 1523 2028 characterem
1562 1980 1761 2028 bestiae:
1794 1985 1842 2028 et
1877 1980 1931 2027 in
1965 1995 2060 2038 eos,
2105 1999 2106 2002 ¹

125 2041 209 2102 qui
251 2042 568 2088 adoraverunt
621 2043 882 2102 imaginem
937 2043 1049 2102 ejus.
1113 2044 1154 2089 3.
1209 2043 1271 2089 Et
1322 2042 1562 2089 secundus
1616 2041 1834 2103 Angelus
1884 2040 2060 2088 effudit
2098 2089 2106 2104 ,

125 2102 338 2163 phialam
362 2119 496 2149 suam
520 2105 570 2149 in
594 2119 736 2159 mare,
760 2110 802 2149 ct
826 2105 977 2150 sactus
998 2109 1066 2150 est
1087 2120 1172 2150 san
1211 2104 1285 2150 uis
1308 2109 1560 2164 tamquam
1584 2103 1785 2150 mortui:
1818 2106 1866 2150 et
1898 2102 2059 2150 omnis
2099 2142 2106 2190 4

127 2163 289 2210 anima
310 2164 476 2211 vivens
498 2172 683 2211 mortua
723 2171 790 2211 est
827 2166 878 2211 in
917 2165 1053 2212 mari.
1117 2166 1158 2211 4.
1236 2171 1255 2211 t
1290 2166 1460 2212 tertius
1482 2165 1654 2212 effudit
1675 2163 1895 2227 phialam
1915 2177 2056 2212 suam

126 2239 266 2284 super
287 2225 502 2281 fiumina,
539 2232 584 2271 et
620 2242 760 2286 super
795 2227 947 2273 fontes
978 2243 1232 2287 aquarum,
1269 2232 1316 2273 et
1352 2227 1504 2273 faetus
1541 2232 1611 2273 est
1646 2225 1857 2286 sanguis.
1918 2225 1962 2272 5.
1994 2223 2060 2272 Et
2098 2196 2106 2329 1

127 2285 292 2331 audivi
314 2286 554 2346 Angelum
578 2288 840 2347 aquarum²
872 2289 1128 2334 dicentem:
1163 2288 1330 2335 Justus
1364 2303 1413 2334 es
1450 2288 1659 2334 Domine
1714 2287 1765 2334 ui
1787 2302 1850 2344 es,
1885 2291 1934 2334 et
1969 2285 2057 2348 qui

129 2361 229 2392 eras
265 2353 466 2401 sanctus,
508 2348 590 2407 qui
636 2349 749 2395 haec
785 2349 1031 2409 judicasti:
1096 2351 1136 2396 6.
1190 2349 1308 2410 quia
1345 2350 1634 2409 sanguinem
1672 2303 1975 2405 §anctorum,
2010 2352 2059 2395 et

127 2406 470 2467 Prophetarum
494 2409 777 2465 effuderunt,
815 2423 861 2456 et
897 2411 1183 2470 sanguinem
1223 2411 1290 2458 eis
1327 2409 1500 2457 dedisti
1540 2410 1722 2457 bibere:
1755 2409 1894 2481 digni
1923 2409 2058 2457 enim

126 2473 248 2514 sunt.
295 2469 350 2515 ·7.
383 2469 443 2515 Et
476 2470 640 2516 audivi
677 2471 879 2517 alterum
916 2472 975 2518 ab
1011 2472 1151 2518 altari
1188 2471 1448 2519 dicentem:
1484 2472 1646 2518 Etiam
1683 2471 1891 2518 Domine
1926 2468 2057 2521 Deus

127 2529 425 2588 omnipotens
460 2546 584 2587 vera,
622 2537 667 2577 et
697 2533 825 2590 justa
855 2534 1040 2592 judicia
1077 2539 1171 2580 tua.
1237 2535 1277 2579 8.
1312 2534 1375 2580 Et
1412 2539 1613 2594 quart-us
1646 2532 1864 2594 Angelus
1885 2531 2059 2581 effudit

128 2588 342 2648 phialam
379 2606 511 2636 suam
552 2592 602 2636 in
641 2593 800 2649 solem,
837 2600 883 2640 et
919 2595 1087 2640 datum
1125 2600 1195 2641 est
1231 2595 1305 2641 illi
1328 2600 1461 2642 aestu
1484 2595 1581 2641 affli
1620 2610 1696 2641 ere
1717 2591 1981 2647 homineS.⁸
2010 2597 2059 2642 et

128 2649 251 2709 igni:
314 2651 354 2696 9.
401 2657 446 2697 et
481 2658 816 2700 aestuaverunt
854 2655 1073 2702 homines
1110 2661 1243 2702 aestu
1282 2672 1474 2717 magno,
1512 2661 1558 2703 et
1586 2610 2060 2717 {lasphemaverunt

129 2725 303 2757 nomen
357 2711 443 2758 Dei
498 2713 716 2759 habentis
758 2722 1034 2775 potestatem
1088 2733 1231 2778 super
1283 2718 1371 2764 has
1423 2717 1604 2778 plagae,
1657 2732 1815 2778 neque
1855 2719 2060 2778 egerunt

128 2771 467 2831 poenitentiam
506 2780 560 2819 ut
597 2775 764 2821 darent
800 2777 870 2822 illi
906 2778 1125 2837 gloriam.
1190 2780 1260 2825 10.
1294 2779 1356 2825 Et
1392 2779 1594 2839 quintus
1631 2777 1851 2839 Angelus
1886 2777 2060 2825 effudit

128 2831 344 2892 phialam
365 2848 499 2879 suam
523 2850 662 2895 super
684 2837 837 2883 sedem
863 2839 1059 2886 bestiae:
1093 2845 1138 2885 et
1176 2841 1355 2886 factum
1390 2844 1460 2886 est
1492 2854 1699 2900 regnum
1721 2839 1823 2900 ejus
1842 2838 2059 2886 tenebro-

129 2907 251 2948 sum,
288 2898 333 2938 et
368 2897 886 2944 commanducaverunt
909 2900 1099 2959 linguas
1121 2917 1229 2947 suas
1294 2916 1372 2947 rae
1410 2901 1590 2947 dolore:
1655 2901 1726 2947 11.
1759 2905 1807 2948 et
1838 2898 2059 2961 blasphe-

128 2959 388 3024 maverunt
405 2955 558 3001 Deum
582 2958 697 3003 caeli
720 2975 830 3018 prae
854 2961 1110 3018 doloribus,
1132 2968 1178 3008 et
1199 2917 1485 3009 vulneribus
1506 2963 1619 3018 suis,
1656 2966 1701 3008 et
1733 2977 1833 3008 non
1854 2964 2058 3023 egerunt

129 3019 473 3084 poenltentiam
495 3033 553 3062 ex
576 3033 602 3062 o
639 3019 795 3065 eribus
829 3022 936 3068 suis.
1003 3024 1071 3068 12.
1106 3023 1167 3069 Et
1201 3029 1364 3070 sextus
1401 3023 1620 3083 Angelus
1645 3022 1818 3070 effudit
1837 3020 2055 3084 phialam

128 3089 266 3120 suam
300 3090 352 3121 ln
386 3077 569 3147 flumen
589 3034 710 3125 illud
735 3096 966 3141 magnum
1003 3083 1334 3144 Euphraten:⁴
1366 3090 1413 3131 et
1445 3085 1643 3131 siccavit
1664 3099 1845 3145 aquam
1865 3083 1981 3144 ejuS,
2002 3087 2058 3130 ut

128 3142 489 3196 praepararetur
525 3154 605 3185 V1a
641 3141 829 3199 regibus
851 3143 910 3188 ab
933 3150 1038 3190 ortu
1062 3145 1185 3191 solis.
1251 3147 1322 3192 13.
1356 3145 1419 3192 Et
1453 3145 1556 3193 vidi
1591 3145 1650 3192 de
1684 3160 1764 3192 ore
1797 3143 2058 3202 draconis,⁶

128 3200 176 3242 et
196 3196 255 3242 de
275 3211 354 3243 ore
375 3197 563 3254 bestiae,
599 3206 644 3246 et
677 3201 734 3247 de
769 3219 846 3248 ore
875 3206 1312 3267 pseudoprophetae
1333 3208 1531 3268 spiritus
1552 3212 1646 3254 tres
1668 3203 1974 3254 immundos·
2004 3205 2058 3252 in
2095 3239 2097 3243 -

127 3257 328 3326 modum
381 3274 622 3307 ranarum.
686 3263 755 3308 14.
806 3264 930 3311 Sunt
981 3267 1110 3312 enim
1164 3268 1361 3328 spiritus
1413 3267 1780 3315 daemoniorum
1832 3265 2061 3314 facientes

127 3316 304 3424 signa&⁷
335 3323 380 3364 et
401 3321 663 3380 procedunt
698 3323 758 3368 ad
794 3340 924 3384 reges
960 3328 1105 3374 totius
1126 3333 1277 3376 terrae
1299 3343 1589 3390 congregare
1610 3328 1720 3376 illos
1739 3327 1794 3375 in
1816 3326 2060 3399 praelium

127 3392 158 3424 a
242 3378 371 3427 diem
422 3381 681 3442 magnum⁸
731 3386 1070 3447 omnipotentis
1122 3388 1224 3437 Dei.
1301 3391 1371 3437 15.
1425 3390 1546 3438 Ecce
1597 3389 1742 3439 venio
1793 3392 1917 3437 sicut
1966 3387 2058 3436 fur.
2094 3418 2106 3465 3
