2106 3554
148 148 229 200 360

147 287 188 331 4.
211 284 367 330 Nolite
383 286 568 342 portare
589 279 843 334 saeculum,
861 293 1016 338 neque
1034 292 1210 337 peram,
1228 292 1384 336 neque
1402 275 1738 332 calceamenta,
1759 276 2085 347 etwne‘mineui

146 361 229 406 per
250 345 377 391 viam
396 342 724 388 salutaveritis.
776 341 815 385 5.
851 340 909 384 In
932 353 1289 398 quamcumque
1306 338 1506 383 domum
1523 337 1832 395 intraveritis,
1861 338 2079 400 primum

145 406 306 451 dieite:
341 405 440 449 Pax
464 403 577 448 huie
598 401 784 446 domui:
847 402 886 445 6.
920 406 966 445 et
998 401 1035 444 si
1071 399 1140 444 ibi
1164 398 1308 444 fuerit
1329 398 1458 443 filius
1480 399 1623 458 pacis,
1646 399 1908 459 requiescet
1934 413 2079 461 super
2099 429 2103 439 ·

146 467 285 511 illum
308 480 402 523 pax
432 469 604 509 vestra:
638 463 711 507 sin
753 466 929 515 autem,
965 461 1027 505 ad
1065 475 1148 505 vos
1183 464 1458 505 revertetur.
1523 461 1563 506 7.
1618 459 1677 504 In
1713 459 1879 506 eadem
1913 453 2106 530 autem}

144 527 286 571 domo
310 529 494 569 manete
516 523 715 577 edentes,
749 528 795 568 et
817 522 1029 567 bibentes
1052 535 1175 579 qnae
1197 520 1327 579 apud
1351 520 1458 565 illos
1480 525 1613 565 sunt:
1647 520 1826 580 dignus
1854 526 1925 568 est
1945 522 2078 568 en‘im
2103 544 2106 572 :

143 586 384 645 operarius
406 585 617 629 mercede
638 599 735 628 sua.
801 582 958 627 Nolite
987 582 1191 627 transire
1224 581 1284 626 de
1322 581 1464 626 domo
1499 581 1551 625 in
1587 581 1812 628 domum:
1866 583 1906 628 8.
1940 581 2003 628 Et
2024 583 2078 628 in

144 661 498 706 quamcumque
520 645 761 689 civitatem
785 643 1091 692 intraveritis,
1129 647 1174 687 et
1195 643 1489 701 susceperint
1510 657 1606 695 VOS.
1641 643 1932 690 manducate
1953 658 2078 713 quae

143 711 450 766 apponuntur
482 705 635 751 vobis:
698 705 738 749 9.
793 709 837 749 et
880 709 1039 748 curate
1072 704 1301 758 infirmOS,
1344 703 1428 762 qui
1473 703 1526 747 in
1558 702 1645 748 illa
1676 709 1802 760 sunt,
1845 708 1893 750 et
1933 702 2104 751 dlcite·

144 768 258 812 illis:
294 766 711 826 Appropinquavit
740 766 791 809 in
827 780 908 810 vos
931 780 1133 823 regnum
1158 764 1259 809 Dei.
1324 765 1393 808 10.
1428 764 1487 808 In
1523 779 1884 825 quamcumque
1911 736 2106 821 antemi

143 828 383 873 civitatem
415 826 719 880 intraveritis,
757 831 803 870 et
839 841 935 870 non
973 825 1267 884 susceperint
1301 839 1399 880 vos,
1434 831 1663 870 exeuntes
1684 825 1735 870 in
1758 825 1941 886 plateas
1961 827 2106 896 eiua}

143 889 304 934 dicite:
365 889 437 942 ¹11.
492 887 651 931 Etiam
694 887 955 946 pulverem,
998 887 1080 946 qui
1126 886 1344 931 adhaesit
1387 886 1525 931 nobis
1567 886 1626 932 de
1669 886 1864 933 civitate
1905 893 2106 946 vestra,4

142 949 431 1007 extergimus
454 948 505 992 in
529 963 629 993 vos:
665 952 820 992 tamen
852 947 940 992 hoc
963 947 1139 999 scitote,
1173 947 1288 1006 quia
1310 947 1723 1007 appropinquavit
1743 963 1948 1006 regnum
1972 947 2076 995 Dei.
2098 950 2106 993 1

145 1011 213 1054 12.
249 1009 363 1054 Dico
385 1009 530 1063 vobis,
554 1009 668 1067 quia
690 1009 906 1053 Sodomis
930 1009 979 1052 in
1003 1008 1079 1053 die
1102 1008 1187 1052 illa.
1212 1008 1453 1053 remissius
1476 1008 1578 1060 crit,
1601 1023 1750 1068 quarn
1773 1008 1847 1054 illi
1871 1009 2074 1056 civitati.
2101 1005 2106 1052 ἓ

145 1071 213 1115 13.
247 1070 347 1116 Vae
378 1070 464 1114 tibi
499 1069 737 1123 Corozaixn
772 1084 857 1114 vae
889 1069 974 1113 tibi
1011 1069 1288 1114 Bethsaida:
1338 1069 1455 1128 quia.
1486 1069 1525 1114 si
1559 1069 1610 1114 in
1645 1069 1786 1129 Tyro,
1818 1075 1866 1116 et
1895 1062 2106 1140 Sidone}

140 1132 287 1175 factae
323 1131 519 1175 fuissent
556 1131 767 1185 virtutes,
810 1145 933 1189 quae
968 1130 1116 1175 factae
1154 1135 1267 1180 sunt
1302 1131 1352 1174 in
1393 1130 1542 1186 vobis,
1576 1130 1694 1176 olim
1732 1131 1786 1176 in
1820 1131 1991 1188 cilicio,
2028 1137 2076 1178 et

139 1192 295 1236 cinere
315 1191 525 1236 sedentes
546 1192 851 1250 poeniterent.
919 1191 985 1235 14.
1022 1191 1369 1236 Verumtamen
1394 1191 1535 1250 Tyro,
1571 1196 1617 1237 et
1637 1191 1805 1238 Sidoni
1830 1192 2075 1240 remissius

140 1252 228 1297 erit
263 1251 315 1296 in
345 1252 540 1310 judicio,
579 1267 723 1310 quam
760 1251 905 1296 vobis.
972 1252 1040 1297 15.
1075 1252 1136 1297 Et
1173 1258 1224 1297 tu
1259 1252 1603 1311 Capharnaum
1627 1267 1779 1313 usque
1800 1253 1863 1300 ad
1886 1252 2073 1300 caelum

139 1311 359 1366 exaltata,
382 1327 530 1371 usque
551 1313 611 1357 ad
635 1313 877 1357 infernum
901 1312 1199 1369 demergeris.
1241 1315 1309 1358 16.
1333 1313 1428 1367 Qui
1453 1329 1537 1359 vos
1558 1313 1712 1371 audit,
1735 1329 1812 1360 me
1834 1314 1992 1360 audit:
2026 1320 2073 1362 et

141 1373 225 1431 qui
249 1388 329 1418 vos
345 1374 537 1432 spernit,
561 1388 635 1418 me
657 1373 849 1432 spernit.
882 1374 974 1427 Qui
994 1380 1153 1419 antem
1174 1390 1249 1419 me
1271 1375 1467 1434 spernit,
1484 1375 1668 1434 spernit
1688 1390 1815 1430 eum,
1872 1377 1922 1422 ui
1941 1376 2095 1423 misit.

140 1448 229 1478 me.
293 1435 361 1479 17.
410 1433 602 1478 Rcversi
638 1440 749 1479 sunt
791 1440 949 1479 autem
986 1436 1290 1494 septuaginta
1325 1435 1421 1480 duo
1460 1450 1571 1481 cum
1609 1436 1803 1496 gaudio,
1874 1437 2071 1484 icentes:

142 1493 358 1548 Domine,
381 1495 525 1539 etiam
549 1495 823 1540 daemonia⁴
855 1495 1175 1553 subjiciuntur
1199 1496 1336 1541 nobis
1360 1497 1409 1541 in
1434 1497 1633 1543 nomine
1653 1503 1749 1543 tuo.
1815 1499 1885 1544 18.
1920 1496 1983 1544 Et
2003 1498 2077 1547 ait

140 1554 256 1599 illis:
292 1554 526 1600 Videbam
550 1556 790 1601 satanam⁵
822 1556 943 1601 sieut
966 1557 1130 1614 fulgur
1151 1558 1209 1602 de
1231 1557 1360 1602 eaelo
1383 1558 1648 1604 cadentem.
1713 1559 1782 1604 19.
1818 1558 1939 1606 Ecce
1959 1559 2072 1607 dedi

140 1613 297 1660 vobis⁶
348 1620 619 1674 potestatem
665 1617 879 1662 calcandi
923 1633 1066 1676 supra
1107 1618 1383 1677 serpentes,⁷
1425 1625 1472 1664 et
1513 1619 1796 1679 scorpiones,
1841 1625 1888 1666 et
1929 1626 2089 1682 super'

139 1690 330 1720 omnem
364 1676 585 1721 virtutem
622 1677 828 1722 inimici:
862 1683 906 1724 et
939 1679 1063 1723 nihil
1098 1680 1233 1724 vobis
1266 1680 1466 1725 nocebit.
1531 1681 1600 1726 20.
1635 1680 1985 1728 Verumtamen
2018 1681 2071 1729 in

138 1735 225 1781 hoc
260 1735 406 1782 nolite
441 1737 670 1795 gaudere³
712 1739 825 1797 qnia
868 1740 1062 1798 spiritus
1097 1741 1231 1785 vobis
1265 1741 1611 1797 subjiciuntur:
1654 1742 1860 1802 gaudete
1893 1748 2072 1799 autem,

138 1797 263 1854 quod
287 1798 484 1842 nomina
508 1798 684 1843 vestra⁹
714 1800 886 1858 scripta
907 1806 1020 1845 snnt
1043 1802 1091 1845 in
1116 1802 1269 1847 caelis,
1335 1804 1404 1848 21.
1440 1803 1494 1847 In
1525 1803 1629 1863 ipsa
1651 1803 1771 1848 hora
1790 1801 2086 1851 exultavi't'*

137 1857 512 1916 Spiritu-sancte,
535 1865 579 1904 et
601 1860 745 1905 dixit:
779 1862 1014 1906 Confiteor
1031 1863 1116 1907 tibi
1143 1863 1294 1912 Pater.
1320 1864 1526 1909 Domine
1544 1863 1660 1909 caeli
1684 1869 1731 1910 et
1750 1869 1916 1921 terrae,
1938 1865 2070 1926 quod

136 1917 421 1963 abscondisti
443 1919 557 1964 haec
580 1936 607 1965 a
628 1922 933 1979 sapientibus,
971 1931 1015 1967 et
1053 1924 1383 1982 prudentibus,
1421 1930 1467 1969 ct
1502 1924 1718 1971 revelasti
1762 1940 1817 1972 ea
1840 1925 2068 1996 parvulis.

138 1978 295 2023 Etiam
331 1979 486 2025 Pater:
530 1982 757 2040 quoniam
802 1983 866 2027 sic
910 1983 1090 2042 placuit
1121 1991 1232 2030 ante
1276 1991 1331 2031 te.
1397 1987 1468 2032 ⁶22.
1522 1987 1701 2032 Omnia.
1732 1986 1857 2032 mihi
1889 1987 2072 2035 tradita

135 2044 296 2084 sunta
319 2039 455 2086 Patre
478 2057 592 2086 meo.
658 2043 718 2087 Et
752 2059 890 2088 nemo
921 2038 1008 2089 scit
1030 2046 1137 2103 quis
1169 2046 1230 2091 sit
1263 2047 1430 2099 Filius,
1465 2047 1557 2092 nisi
1594 2047 1752 2093 Pater:
1786 2053 1833 2094 et
1863 2049 1975 2108 quis
2005 2049 2083 2096 sit:

138 2099 286 2154 Pater,
320 2101 408 2144 nisi
447 2102 610 2156 Filius,
643 2108 686 2147 et
719 2105 791 2148 eui
829 2105 1032 2151 voluerit
1057 2106 1210 2152 Filius
1242 2108 1463 2153 revelare.
1530 2109 1598 2153 23.
1635 2108 1696 2154 Et
1727 2123 1983 2156 conversus
2003 2109 2067 2156 ad

138 2159 392 2219 discipulos
434 2177 552 2212 suos,
596 2163 741 2210 dixit:
786 2165 918 2210 Beati
956 2167 1097 2221 oculi,
1134 2169 1217 2227 qui
1259 2169 1426 2214 vident
1461 2185 1584 2229 quae
1623 2185 1706 2215 vos
1745 2169 1930 2217 videtis.
1993 2171 2069 2221 24.

138 2219 254 2265 Dico
275 2222 403 2266 enim
427 2223 571 2275 vobis
609 2226 734 2283 quod
770 2226 908 2271 multi
935 2228 1205 2287 prophetae,
1243 2236 1288 2275 ct
1323 2246 1453 2289 reges
1478 2230 1735 2277 voluerunt
1756 2230 1920 2278 videre
1941 2239 2085 2293 quae‘

136 2295 219 2326 vos
241 2281 423 2337 videtis,
459 2290 503 2328 et
540 2300 634 2329 non
672 2286 914 2332 viderunt:
949 2295 993 2333 et
1029 2290 1197 2335 audire
1219 2306 1343 2349 quae
1364 2291 1557 2346 auditis,
1594 2298 1638 2337 et
1671 2307 1767 2337 non
1790 2291 2066 2341 audierunt.

137 2341 205 2386 25.
260 2341 320 2386 Et
353 2358 454 2388 ecce
491 2345 689 2402 quidam
727 2347 1081 2407 Logisperitusss
1124 2353 1331 2396 surrexit
1365 2358 1556 2397 tentans
1593 2353 1751 2409 illum,
1793 2358 1839 2399 et
1880 2353 2064 2400 dicens:

136 2401 370 2460 Magister,
403 2404 517 2462 quid
542 2406 756 2451 faciendo
781 2409 927 2453 vitam
953 2416 1191 2456 aeternam
1219 2413 1498 2471 possidebo?
1559 2414 1631 2460 26.
1663 2413 1728 2460 At
1749 2413 1832 2460 ille
1855 2414 1981 2460 dixit
2002 2414 2083 2463 ad,

134 2477 264 2508 eum:
299 2463 354 2507 In
390 2463 489 2522 lege
522 2467 637 2524 quid
671 2469 899 2527 scriptum
935 2473 1031 2515 est‘?
1064 2474 1303 2531 quomodo
1336 2474 1485 2531 legis?
1548 2475 1618 2521 27.
1653 2475 1742 2521 Ille
1774 2474 2067 2535 respondens

134 2521 278 2568 dixit:
313 2523 490 2583 Diliges
514 2526 775 2572 Dominum
802 2530 952 2575 Deum
979 2537 1115 2578 tuum
1140 2549 1198 2579 ex
1222 2541 1318 2580 toto
1341 2535 1480 2581 corde
1502 2541 1598 2590 tuo,
1620 2541 1666 2581 et
1687 2551 1745 2582 ex
1769 2541 1867 2582 tota
1898 2537 2066 2585 anima

133 2587 230 2637 tua,
262 2588 307 2628 et
338 2600 396 2629 ex
428 2587 651 2631 omnibus
683 2589 864 2634 viribus
896 2593 1002 2642 tuis.
1035 2599 1080 2638 et
1111 2610 1169 2638 ex
1203 2596 1335 2640 omni
1371 2603 1530 2642 mente
1562 2598 1675 2642 tua?
1706 2603 1753 2643 et
1782 2597 2065 2657 proximum

132 2647 270 2688 tuum
287 2644 407 2689 sieut
423 2646 638 2705 teipsum.
689 2650 757 2695 23.
793 2651 1020 2712 Dixitque
1040 2654 1133 2699 illi:
1157 2655 1298 2701 Recte
1316 2658 1620 2716 respondisti:
1645 2658 1735 2703 hoc
1751 2658 1836 2714 fac,
1853 2664 1900 2705 et
1917 2659 2075 2712 vives)

132 2704 203 2748 29.
237 2703 325 2749 Ille
353 2711 511 2750 autem
538 2708 972 2767 volensjustilicare
994 2715 1256 2774 seipsum,¹2
1287 2718 1413 2763 dixit
1446 2718 1506 2764 ad
1539 2719 1726 2764 -Jesumz
1762 2718 1822 2764 Et
1854 2719 1964 2780 quis
1995 2725 2067 2767 eet

132 2779 267 2809 meus
298 2766 613 2823 proximus?¹³
675 2772 743 2815 30.
796 2773 1066 2832 Suscipiens
1099 2783 1259 2822 autem
1293 2779 1442 2834 Jesus,
1477 2779 1621 2825 dixit:
1667 2779 1828 2826 Homo
1859 2780 2064 2851 quidam

124 2824 444 2871 descendebat
466 2828 526 2872 ab
548 2828 808 2876 Jerusalem
834 2834 883 2877 in
908 2835 1150 2889 Jerieho‚¹⁴
1182 2844 1227 2882 ct
1262 2839 1433 2884 incidit
1465 2841 1514 2885 in
1555 2841 1773 2896 latrones,
1807 2855 1892 2902 qul
1915 2842 2063 2889 etiam

131 2885 518 2955 despoliaverunt
563 2905 692 2935 enm:
746 2898 790 2936 et
844 2894 994 2953 plagis
1043 2897 1276 2958 impositis
1323 2900 1546 2946 abierunt
1594 2902 1828 2948 semivivo
1884 2901 2069 2950 relicto.-

131 2945 202 3014 βῙ.
237 2946 424 2991 Acc1dit
452 2954 608 2994 autem
635 2954 919 2998 11tsa-‹·erd0s
942 2957 1182 3014 quidam¹⁵
1213 2959 1516 3007 descenderet
1547 2963 1714 3008 eadem
1748 2962 1850 3009 via:
1881 2968 1928 3011 et
1958 2964 2006 3011 vi

130 3005 216 3050 illo
254 3008 539 3065 praeterivit.
553 3009 581 3032 '⁰
642 3012 710 3055 32.
764 3014 992 3060 Similiter
1030 3024 1075 3062 et
1114 3019 1293 3075 Levita,
1329 3037 1438 3066 eum
1475 3030 1592 3067 esset
1629 3038 1761 3068 secus
1799 3022 1973 3079 locum,
2067 3022 2069 3027 ⁴

130 3066 314 3112 videret
334 3083 458 3122 eum,
491 3073 775 3128 pertransiit.
839 3076 906 3120 33.
939 3077 1270 3125 Samaritanus
1291 3088 1451 3127 autem
1476 3083 1719 3142 quidam¹⁷
1750 3084 1845 3131 iter
1868 3084 2023 3131 facien
2064 3138 2068 3143 y

129 3127 264 3172 venit
284 3143 414 3173 secus
436 3144 560 3183 eum,
600 3132 919 3181 misericordia
954 3145 1109 3183 motus
1143 3140 1264 3186 est.¹³
1326 3143 1396 3188 34.
1432 3143 1493 3188 Et.
1526 3145 1818 3204 appropians
1839 3144 1988 3207 alliga

128 3187 326 3239 vulnera
352 3189 464 3247 ejus,
486 3190 744 3237 infundens
767 3194 937 3250 oleum,
960 3204 1005 3242 et
1028 3199 1217 3246 vinum:
1236 3201 1265 3226 ¹⁹
1294 3208 1340 3248 et
1363 3204 1613 3263 imponens
1635 3205 1778 3252 illum
1802 3205 1853 3252 in
1868 3205 1978 3266 jum
2026 3208 2051 3222 ’“

126 3252 230 3294 tum
263 3263 418 3318 suum,
451 3250 594 3296 duxit
623 3252 674 3321 in
707 3254 1005 3311 stabulum‚²⁰
1034 3265 1079 3304 et
1111 3276 1274 3307 curam
1308 3264 1409 3322 ejus
1439 3265 1547 3323 egit.
1612 3267 1683 3312 35.
1717 3265 1780 3312 Et
1809 3265 1961 3315 altera
1982 3266 2015 3314 d

126 3309 327 3369 protulit
348 3309 467 3356 duos
488 3310 762 3369 denar1os,2¹
795 3321 839 3360 et
871 3316 1001 3364 dedit
1032 3320 1307 3379 stabulario,
1339 3330 1385 3369 et
1417 3325 1507 3371 ait:
1538 3326 1716 3374 Curam
1749 3326 1887 3375 illius
1913 3326 1980 3376 ha
2011 3340 2014 3343 “
