2106 3554
168 144 245 187 770

991 274 1169 346 Caput
1211 274 1255 327 Ι.

227 417 262 459 1.
299 414 477 460 Paulus
499 411 775 473 Apostolus¹
807 411 919 458 Jesu
954 411 1130 457 Christi
1154 427 1238 472 per
1259 411 1559 459 voluntatem
1594 413 1698 470 Dei,
1731 417 1776 460 et
1810 413 2093 461 Timotheus

166 475 351 521 frater:²
413 477 451 520 2.
505 475 582 529 eis,
625 474 709 533 qui
752 478 864 518 sunt
905 472 1147 528 ColossiS,³
1192 473 1381 530 sanctis,
1423 478 1469 519 et
1510 474 1734 521 fidelibus
1774 473 2002 522 fratribus
2037 475 2091 521 in

164 537 351 581 christo
373 536 497 580 Jesu.
561 536 600 580 3.
634 534 798 579 Gratia
820 534 968 588 vobiS,
1007 539 1052 579 et
1088 549 1182 592 pax
1220 549 1249 578 a
1287 533 1386 579 Deo
1425 534 1565 581 Patre
1587 541 1760 592 nostro,
1797 541 1845 582 et
1881 535 2092 582 Domino

163 598 186 641 ‚J
194 612 273 642 esu
297 597 493 641 Christo.
558 596 744 640 Gratias
766 594 980 654 agimus⁴
1010 594 1123 650 Deo,
1159 600 1205 640 et
1227 595 1358 640 Patri
1382 596 1581 641 Domini
1604 597 1754 643 nostri
1775 597 1891 643 Jesu
1912 596 2092 643 Christi

163 673 343 716 semper
363 673 448 716 pro
470 657 604 702 vobis
626 661 832 700 orantes:
895 657 935 700 4.
969 655 1216 701 audientes
1251 656 1395 702 fidem
1419 663 1628 703 vestram
1662 658 1714 703 in
1752 657 1942 704 Christo
1962 657 2091 714 Jesu,

161 725 212 763 et-
227 718 541 772 dilectionem,
577 732 723 776 quam
746 716 930 762 habetis
965 717 1016 761 iii
1051 723 1236 762 sanctos
1271 733 1436 763 omnes
1499 719 1540 764 5.
1572 724 1766 779 propter
1786 734 1808 764 s
1842 733 1934 776 em,
1968 733 2092 780 quae

162 779 362 838 reposita
384 783 450 824 est
472 778 606 824 vobis
628 778 677 822 in
703 777 862 822 caelis:
897 793 1042 837 quam
1068 778 1294 823 audistis⁵
1325 779 1377 823 in
1406 779 1551 825 verbo
1573 780 1790 826 veritatis
1855 779 2089 840 vangelii':

161 846 200 884 (¹5.
234 839 359 898 quod
385 839 600 899 pervenit
622 839 682 884 ad
706 854 799 894 VOS,
833 839 955 883 sicut
977 843 1021 883 et
1044 839 1094 883 in
1119 839 1344 884 universo
1366 840 1551 886 mundo
1573 846 1654 896 est,
1689 846 1735 887 et
1755 841 2023 896 fructificat,
2044 846 2092 889 et

161 900 322 945 crescit
342 900 462 945 sicut
483 900 533 944 in
557 899 704 954 vobis,
741 915 798 944 ex
822 915 876 945 ea
899 900 988 954 die,
1011 915 1106 959 qua
1129 900 1343 955 audistis,
1380 906 1426 946 et
1459 902 1750 961 cognovistis
1769 901 1978 962 gratiam
2001 901 2091 950 Dei

161 960 443 1015 inveritate,
507 962 544 1007 7.
579 961 700 1005 sicut
722 961 954 1006 didicistis
985 960 1045 1006 ab
1080 960 1334 1020 Epaphra⁶
1365 962 1646 1009 charissimo
1668 977 1894 1011 conservo
1915 967 2092 1019 nostro,

161 1022 243 1080 qui
266 1026 333 1066 est
366 1021 518 1067 fidelis
553 1037 636 1081 pro
671 1021 806 1067 vobis
828 1022 1046 1066 minister
1069 1021 1244 1067 Christi
1269 1022 1398 1079 Jesu,
1461 1025 1501 1069 8.
1534 1024 1620 1084 qui
1643 1024 1790 1070 etiam
1812 1023 2087 1071 manifesta·

162 1084 230 1127 vit
252 1082 387 1127 nobis
409 1082 710 1127 dilectionem
747 1088 951 1128 vestram
991 1083 1042 1127 in
1077 1083 1295 1142 spirituz⁷
1358 1085 1397 1130 9.
1431 1085 1539 1130 ideo
1575 1091 1622 1131 et
1658 1100 1745 1131 nos
1780 1100 1839 1133 ex
1878 1099 1976 1145 qua
2011 1084 2091 1133 dio

161 1143 447 1199 audivimus,
471 1159 567 1188 non
591 1159 826 1188 cessamus
843 1159 926 1203 pro
944 1143 1078 1188 vobis
1096 1150 1298 1200 orantes,
1320 1150 1366 1190 et
1387 1145 1682 1205 postulantes
1703 1152 1759 1192 ut
1779 1145 2087 1206 impleamini

161 1204 403 1263 agnitione
447 1204 708 1250 voluntatis
750 1206 861 1263 ejus,
915 1205 965 1249 in
1019 1205 1150 1250 omni
1196 1206 1433 1266 sapientia
1473 1212 1520 1252 et
1571 1206 1819 1253 intellectu
1860 1206 2088 1267 spiritali:

164 1267 233 1310 10.
267 1270 320 1309 ut
353 1265 606 1310 ambuletis
629 1265 798 1324 digne⁸
830 1266 928 1311 Deo
951 1281 1033 1325 per
1054 1266 1219 1312 omnia
1241 1267 1499 1326 placentes:
1533 1267 1585 1314 in
1623 1267 1758 1315 omni
1796 1282 1935 1328 opere
1962 1266 2089 1314 bono

163 1326 508 1382 fructificantes,
546 1331 590 1371 et
624 1332 878 1372 crescentes
902 1327 950 1371 in
976 1327 1174 1373 scientia
1197 1328 1306 1374 Dei:
1371 1330 1441 1375 11.
1475 1329 1525 1374 in
1549 1329 1684 1375 omni
1707 1329 1887 1376 virtute
1907 1329 2088 1376 confor-

162 1385 272 1431 tati⁹
302 1387 560 1432 secundum
586 1388 847 1446 potentiani
888 1388 1118 1434 claritatis
1152 1389 1252 1448 ejus
1286 1389 1338 1435 in
1373 1390 1507 1435 omni
1531 1389 1817 1450 patientia,¹⁰
1847 1394 1894 1437 et
1926 1389 2090 1450 longa·

163 1447 380 1492 nimitate
417 1463 523 1493 cum
563 1449 739 1506 gaudio
804 1450 872 1494 12.
905 1450 1083 1508 gratias
1117 1455 1310 1508 agentes
1348 1451 1448 1497 Deo
1487 1451 1632 1507 Patri,
1669 1451 1755 1511 qui
1793 1451 1966 1511 dignos
2002 1465 2090 1498 nos

161 1508 269 1553 fecit
291 1508 341 1553 in
364 1514 544 1568 partem
569 1510 704 1554 sortis
726 1516 997 1555 sanctorum
1012 1510 1036 1533 ¹¹
1071 1511 1122 1556 in
1155 1508 1408 1558 lumine1¹²
1471 1513 1540 1558 13.
1574 1512 1659 1572 qui
1694 1512 1873 1583 eripuit
1909 1527 1996 1560 nos
2029 1511 2089 1559 d'e

163 1574 386 1628 potestate
422 1570 740 1624 tenebrarum,
778 1577 823 1616 et
859 1572 1106 1618 transtulit
1142 1573 1191 1618 in
1234 1588 1439 1631 regnum
1482 1573 1571 1619 filii
1615 1573 1886 1620 dilectionis
1921 1571 2090 1630 suae,¹³

164 1630 229 1675 14.
263 1630 314 1675 in
352 1645 446 1689 quo
483 1630 714 1676 habemus
749 1632 1123 1691 redemptionem
1163 1649 1245 1693 per
1281 1635 1569 1693 sanguinem
1607 1634 1720 1694 ejuS,
1757 1634 2085 1682 remissionem

164 1695 479 1749 peccatorum:
544 1693 612 1737 15.
661 1693 744 1752 qui
780 1699 848 1738 est
882 1694 1040 1752 imago
1078 1694 1164 1741 Dei
1177 1694 1207 1719 ¹⁴
1238 1695 1511 1751 invisibilis,
1546 1695 1898 1756 primogenitus
1929 1694 2088 1743 omnis

162 1751 460 1798 creaturae2¹⁵
522 1754 590 1798 16.
624 1754 852 1812 quoniam
889 1755 937 1799 in
976 1756 1076 1814 ipso
1110 1757 1304 1803 condita
1325 1755 1478 1802 sunt¹⁶
1508 1757 1734 1803 universa.
1767 1756 1819 1803 in
1853 1755 2010 1813 caelis,
2042 1761 2090 1805 et

163 1812 212 1856 iii
234 1818 370 1868 terra,
408 1813 630 1870 visibilia,
664 1819 709 1859 et
742 1815 1021 1870 invisibilia,
1034 1816 1061 1843 ¹⁷
1091 1818 1192 1863 sive
1213 1817 1432 1873 throni,¹⁸
1462 1818 1562 1864 sive
1585 1817 1951 1874 dominationes,
1985 1816 2089 1865 sive

162 1873 467 1932 principatus,
503 1875 602 1920 sive
639 1881 905 1934 potestates:
939 1878 1104 1924 omnia
1126 1894 1209 1938 per
1230 1880 1404 1939 ipsum,
1438 1885 1484 1925 et
1517 1879 1568 1926 in
1604 1880 1618 1925 i
1656 1878 1746 1925 80ιο
1776 1883 1933 1927 creata
1953 1885 2088 1926 sunt:

164 1936 228 1978 17.
261 1939 307 1979 et
343 1934 439 1993 ipse
477 1940 544 1980 est
580 1943 689 1981 ante
712 1952 887 1992 omnes,
922 1944 967 1984 et
988 1940 1153 1985 omnia
1176 1940 1227 1985 in
1251 1941 1353 1999 ipso
1375 1945 1607 1987 constant.
1710 1941 1780 1989 18.
1813 1938 1876 1987 Et
1896 1939 1999 2001 ipse
2018 1945 2088 1989 est

161 1993 338 2053 caputm
371 1997 574 2055 corporis
598 1996 844 2052 Ecclesiae,
867 2000 949 2058 qui
975 2005 1042 2044 est
1064 2001 1374 2059 principium,
1409 2001 1758 2061 primogenitus
1780 2016 1840 2048 ex
1862 1999 2088 2049 mortuis:

163 2061 214 2100 ut
234 2055 295 2100 sit
316 2056 365 2100 in
389 2057 612 2102 omnibus
634 2058 731 2117 ipse
754 2060 1016 2118 primatum
1040 2066 1226 2118 tenens;
1293 2063 1362 2108 19.
1395 2063 1511 2122 quia
1548 2063 1597 2108 in
1621 2062 1724 2123 ipso
1745 2059 2089 2122 complacuit‚”

162 2130 351 2162 omnem
374 2116 724 2178 plenitudinem
749 2120 1039 2167 inhabitare:
1105 2124 1174 2169 20.
1207 2128 1253 2169 et
1278 2139 1362 2183 per
1383 2139 1494 2170 eum
1518 2123 1824 2170 reconciliare
1845 2122 2012 2170 omnia
2032 2122 2086 2170 in

164 2177 333 2235 ipsum,
369 2178 622 2236 pacificans
656 2195 738 2239 per
771 2183 1055 2241 sanguinem
1080 2184 1232 2230 crucis
1266 2185 1379 2244 ejus,
1415 2185 1516 2230 sive
1553 2200 1676 2244 qua-e
1710 2185 1763 2231 in
1798 2183 1950 2241 terrie,
1985 2182 2088 2231 sivo

164 2251 284 2295 quae
321 2238 372 2283 in
410 2239 548 2285 caelis
584 2240 749 2285 sunt.²³
812 2244 880 2288 21.
930 2243 990 2288 Et
1024 2259 1107 2290 vos
1144 2261 1255 2291 cuin
1293 2246 1453 2292 essetis
1489 2245 1754 2305 aliquando
1789 2244 2003 2301 alienati,
2038 2250 2088 2296 et

166 2298 349 2343 inimici
391 2315 528 2345 sensu
572 2301 622 2346 in
665 2302 883 2361 operibus
938 2305 1096 2350 malis:
1162 2307 1232 2352 22.
1286 2322 1416 2352 nunc
1459 2311 1621 2352 autem
1664 2305 1992 2369 reconciliayit
2032 2305 2088 2353 in

163 2373 351 2417 corpore
374 2361 527 2405 carnis
548 2362 687 2419 ejus²⁴
717 2378 799 2423 per
821 2371 1036 2419 mortem,
1058 2367 1286 2413 exhibere
1308 2383 1391 2414 vos
1412 2373 1612 2423 sanctos,
1649 2373 1695 2414 et
1731 2365 2084 2423 immaculatoe,

163 2424 209 2463 et
250 2419 681 2478 irreprehensibiles
723 2440 879 2470 coram
931 2426 1050 2485 ipso:
1116 2429 1185 2473 23.
1238 2429 1277 2474 si
1330 2434 1492 2474 tamen
1546 2429 1836 2488 permanetis
1885 2428 1938 2474 in
1990 2426 2088 2476 fido

166 2479 365 2534 fundati,
400 2486 444 2526 et
478 2482 679 2539 stabiles,
714 2491 759 2529 et
792 2486 1062 2533 immobiles
1083 2504 1111 2533 a
1133 2505 1214 2549 spe
1238 2490 1506 2550 Evangelii,
1541 2490 1670 2547 quod
1705 2489 1920 2544 audistis,
1953 2487 2084 2549 quod

168 2540 489 2607 praedicatum
524 2548 590 2588 est
625 2545 674 2589 in
710 2547 932 2594 universa
955 2555 1183 2605 creatura,
1217 2566 1340 2610 quae
1373 2550 1462 2596 sub
1497 2550 1625 2596 caelo
1660 2555 1740 2606 est,
1774 2550 1910 2610 cujus
1934 2549 2088 2599 factus

164 2615 270 2669 suni
308 2616 392 2660 ego
431 2602 608 2671 Paulus
645 2606 871 2653 minister.
937 2609 1004 2655 24.
1050 2611 1142 2664 (Qui
1182 2626 1312 2657 nuno
1348 2612 1534 2670 gaudeo
1572 2612 1620 2657 in
1660 2610 1963 2681 passionibus
1998 2623 2106 2671 pmi-

167 2661 311 2716 vobis,
346 2669 390 2707 et
423 2664 660 2723 adimpleo
694 2682 759 2721 ea,
794 2669 953 2727 quae²⁵
985 2670 1156 2716 desunt
1190 2673 1466 2731 passionum
1494 2672 1686 2727 Christi,
1723 2673 1775 2719 in
1813 2686 1955 2719 carne
1976 2683 2106 2733 1110ae⁴

167 2737 249 2780 pro
286 2737 474 2782 corpore
512 2725 622 2782 ejus
659 2728 784 2785 quod
808 2735 875 2774 est
899 2730 1125 2778 Ecclesia:
1191 2734 1260 2779 25.
1294 2735 1429 2792 cujus
1450 2734 1602 2781 factus
1623 2749 1731 2780 sum
1753 2748 1839 2793 ego
1861 2731 2106 2786 minismi

162 2783 424 2828 secundum
449 2785 845 2844 dispensationem
871 2790 970 2846 Dei,
1008 2807 1130 2851 quae
1152 2793 1265 2840 data
1286 2800 1355 2842 est
1376 2794 1498 2842 mihi
1538 2795 1589 2843 in
1627 2809 1724 2850 vos,
1761 2799 1816 2840 ut
1852 2793 1919 2843 im
1957 2793 2106 2850 leamss¹

165 2842 360 2888 verbum
403 2844 507 2890 Dei:
573 2847 641 2892 26.
695 2851 988 2907 mysterium,
1031 2854 1158 2922 quod
1203 2855 1536 2902 absconditum
1579 2855 1671 2901 fuit
1711 2870 1741 2902 a.
1781 2808 1995 2910 saeculis,
2034 2857 2085 2905 θῒ

161 2905 560 2961 generationibus,
597 2922 725 2953 nunc
747 2917 904 2956 autem
931 2915 1289 2971 manifestatum
1324 2922 1393 2962 est
1426 2916 1602 2962 sanctis
1624 2916 1737 2975 erS,
1800 2916 1871 2965 27.
1904 2913 2082 2976 quibus

162 2963 315 3009 voluit
338 2965 463 3010 Deus
487 2972 620 3012 notas
655 2970 802 3015 facere
837 2972 1031 3018 divitias
1059 2975 1238 3033 gloria-e
1259 2978 1544 3023 sacramenti
1568 2977 1712 3037 hujus
1746 2976 1798 3025 iu
1833 2974 2082 3031 Gentibuss5

161 3025 287 3093 quod
311 3031 377 3094 est
400 3026 626 3082 Christus,
664 3029 713 3073 in
754 3031 885 3075 vobis
922 3048 1023 3092 spes
1059 3035 1252 3094 gloriae,
1316 3039 1386 3085 28.
1418 3053 1562 3097 quem
1594 3053 1680 3084 nos
1705 3036 2082 3092 annuntiamus,

161 3092 463 3144 corripientes
485 3103 676 3133 omnem
706 3089 963 3146 hominem,
997 3100 1042 3140 et
1076 3096 1295 3144 docentes
1329 3114 1520 3144 omnem
1558 3098 1821 3153 hominem,
1858 3097 1911 3145 in
1944 3096 2080 3144 omni

158 3147 403 3204 sapientia,
438 3154 491 3192 ut
525 3148 836 3196 exhibeamus
858 3168 1048 3199 omnem
1073 3156 1319 3204 hominem
1342 3160 1603 3219 perfectum
1640 3159 1692 3207 in
1726 3158 1916 3208 Christo
1941 3156 2083 3214 Jesuz·

159 3207 228 3252 29.
282 3207 331 3251 in
376 3222 470 3276 quo
513 3209 772 3278 et·lab·0r0,
826 3216 1047 3262 certando
1090 3219 1352 3268 secundum
1398 3221 1722 3281 operationem
1764 3220 1877 3281 ejus,
1927 3222 2106 3280 qum³

155 3272 375 3328 operatur
397 3283 447 3314 1n
471 3283 547 3316 me
569 3284 621 3316 in
644 3276 831 3319 virtute.
2088 3255 2106 3350 3
